2948 5212
214 651 252 714 30
400 711 403 719 ,
493 672 527 713 nu
547 668 668 714 Jususn
689 668 760 713 xeun
783 669 975 714 xnisuoinenu

214 796 298 853 niam
313 812 406 869 qutun
419 793 497 854 aiter
511 813 564 870 pro
580 795 692 854 damno
709 799 836 877 decepto
852 795 994 881 sumpsit.
1015 795 1133 866 Quibus
1155 795 1255 855 verbis

213 901 392 961 Aristoteles
420 920 483 961 non
509 902 552 961 ita
576 901 673 960 utitur
688 905 722 960 ut
743 902 891 978 huncqui
906 906 1056 978 quaestum
1072 907 1256 962 consecutus

214 1008 255 1067 sit
277 1008 386 1083 probet
409 1006 561 1067 velillum
578 1009 630 1083 qui
644 1008 789 1082 injuriam
805 1007 911 1067 tulerit
926 1008 1095 1084 improbet:
1116 1009 1256 1068 animad-

214 1115 305 1173 vertit
340 1118 464 1173 tantum
493 1114 624 1174 alterurn
648 1115 728 1189 plus,
755 1114 886 1174 aiterum
912 1115 1015 1175 minus
1041 1133 1136 1191 quam
1167 1119 1258 1175 antea

216 1221 385 1296 possidere.
404 1221 483 1292 Quid
498 1220 606 1281 dehac
624 1239 656 1280 re
671 1221 849 1281 Aristoteles
866 1223 997 1281 senserit
1010 1222 1100 1281 facile
1108 1222 1257 1299 inteHigi-

215 1308 283 1388 mus
296 1346 364 1388 cum
380 1327 600 1405 legimusunde
614 1329 677 1387 haee
687 1329 779 1387 verba
795 1327 899 1409 (κέρδος
910 1332 941 1388 et
956 1328 1052 1408 ζημία)
1069 1329 1255 1404 sumpserit:

216 1457 230 1489 ο
247 1438 320 1496 nuta
330 1439 402 1495 sunt
412 1436 475 1494 haee
486 1434 623 1507 nomina,
636 1436 783 1494 damnum
802 1440 833 1495 et
847 1435 977 1508 lucrum,
994 1436 1032 1495 ab
1049 1454 1085 1495 eo
1097 1440 1259 1496 contractu

213 1542 266 1618 qui
292 1545 401 1617 sponte
417 1540 514 1601 initur
539 1558 573 1600 n:
601 1543 715 1618 ἐλήλυθε
736 1539 763 1598 δὲ
784 1544 818 1601 τὰ
838 1540 955 1620 ὀνόματα
980 1547 1064 1601 ταῦτα
1086 1541 1104 1620 ἥ
1131 1567 1162 1602 τε
1178 1541 1260 1620 ζημία

213 1654 256 1707 καὶ
279 1646 311 1706 τὸ
326 1646 415 1727 κέρδος
430 1650 460 1706 ἐκ
476 1651 523 1719 τῆς
537 1647 653 1707 ἑκουσίου
673 1649 804 1724 ἀλλαγῆς·
827 1647 859 1707 τὸ
876 1646 989 1728 μὲνγὰρ
1006 1647 1085 1708 πλέον
1102 1650 1207 1731 ἔχεινῆ
1225 1651 1260 1708 τὰ

214 1759 306 1814 ἑαυτοῦ
324 1753 462 1835 κερδαίνειν
483 1752 599 1833 λέγεται,
626 1752 658 1813 τὸ
679 1752 707 1814 δὲ
730 1755 841 1814 tinent
855 1767 910 1813 τῶν
926 1755 952 1824 ἐξ
967 1752 1053 1837 ἀρχῆς
1068 1758 1257 1835 ζημιοῦσθαιῙ.

216 1863 291 1922 Cum
306 1865 409 1920 autem
434 1884 448 1916 ε(
472 1861 712 1920 contractibus»
738 1880 839 1937 neque
857 1854 1014 1938 praemiuin
1044 1881 1143 1938 neque
1168 1881 1260 1939 poena

214 1969 267 2028 sed
291 1971 425 2044 quaestus
454 1971 483 2026 et
516 1969 664 2027 damnum
695 1973 877 2045 congruant,
916 1969 1098 2028 Aristoteles
1135 1970 1170 2028 iu
1203 1971 1261 2028 hee

214 2075 315 2150 eapite
339 2092 493 2149 nusquam
508 2075 545 2133 de
565 2074 673 2149 pennis
688 2075 802 2149 ubique
818 2076 854 2134 de
868 2075 989 2134 demnis
1002 2075 1124 2135 loeutus
1138 2081 1198 2135 est.

165 2253 167 2257 y
254 2179 1260 2257 HoeidemaIteroargumentodemonstremus.Aristotelesenim,

214 2306 284 2346 eum
294 2289 331 2346 de
337 2287 406 2362 jure
423 2287 590 2346 corrective
606 2287 751 2346 disseruit
766 2288 788 2359 ²,
806 2306 963 2363 nunquam
980 2288 1109 2347 adhunc
1125 2288 1179 2364 qui
1188 2291 1263 2349 feeit

215 2395 268 2453 sed
284 2412 404 2469 semper
420 2394 457 2452 ad
481 2393 567 2452 ilium
598 2393 650 2469 qui
663 2411 771 2468 passus
794 2398 841 2453 est
862 2394 1010 2468 injuriam
1023 2395 1171 2470 respexit.
1201 2397 1262 2456 Cur

215 2500 297 2560 enim
325 2502 439 2560 furtum
466 2500 546 2558 inter
568 2501 602 2558 τὰ
619 2496 730 2558 ἀκούσια
751 2501 958 2579 συναλλάγματα
987 2501 1218 2562 numeravisset
1234 2503 1261 2562 si

214 2607 289 2666 suris
305 2607 444 2666 animum
459 2606 695 2681 conspexisset?
717 2625 821 2666 nonne
846 2609 893 2665 iur
911 2607 1030 2666 sueinus
1045 2626 1135 2667 suum
1151 2608 1262 2668 volens

215 2713 307 2773 feeit?
321 2715 375 2773 sed
390 2731 460 2772 euin
477 2712 527 2772 ille
550 2713 599 2772 eui
619 2715 667 2772 sur
687 2713 802 2788 aliquid
817 2714 965 2790 eripuerit
984 2715 1093 2774 nolens
1111 2716 1263 2791 injuriam

215 2819 300 2880 illam
317 2839 427 2896 passus
443 2820 493 2892 sit,
511 2822 626 2879 furtum
641 2818 762 2879 ἀκούσιον
775 2822 933 2880 vocaturn
949 2822 1056 2897 ltaque
1072 2823 1263 2897 conjecturae

216 2927 396 2987 Rumsaueri
412 2928 555 2986 assentiri
565 2945 626 2986 non
640 2945 804 3002 possumus
822 2928 875 3002 qui
892 2928 940 2986 his
955 2929 1056 2988 verbis
1070 2929 1122 3004 jus
1136 2948 1261 2989 corree-

215 3034 315 3092 tivum
335 3034 579 3109 iuterpretatur:
615 3056 668 3092 ο...
692 3035 772 3093 tactu
791 3034 904 3108 injuria
920 3038 973 3094 aui
995 3034 1097 3097 delato
1115 3036 1259 3109 erimine,

217 3145 368 3215 quantum
392 3141 457 3199 fieri
480 3144 581 3216 potest
607 3138 672 3219 (jus
688 3140 907 3220 correctivum)
935 3145 1022 3200 curat
1042 3160 1080 3200 ne
1103 3142 1206 3210 οἰκίσας
1221 3168 1263 3210 τις

222 3245 270 3306 vel
298 3245 442 3328 ponpeium
466 3247 573 3311 minus
597 3246 699 3306 doleat
725 3265 817 3322 quain
837 3265 929 3323 quem
953 3248 1018 3323 ipse
1036 3247 1113 3308 iaesit
1127 3271 1142 3304 ο
1159 3249 1180 3308 ⁴.
1201 3249 1262 3309 Sed

247 3459 269 3506 1.
289 3456 350 3506 Ett.
364 3457 421 3505 Nic.
438 3459 465 3507 E.
483 3459 505 3506 1.
523 3459 611 3507 1132h
626 3461 664 3506 11.

245 3539 268 3585 2.
287 3537 348 3584 utu.
364 3538 421 3585 Nic.
437 3538 466 3586 E.
480 3540 502 3586 5.
520 3541 577 3586 1131
594 3552 610 3587 a
627 3542 679 3599 1-9;
696 3541 717 3587 7.
735 3541 793 3587 1131
810 3539 1034 3588 ουν-1131121.

246 3618 268 3665 3.
288 3616 325 3665 Cf.
346 3615 418 3666 Rhet.
438 3619 468 3666 A.
485 3620 507 3667 7.
525 3619 584 3666 1365
601 3618 618 3666 h
635 3621 672 3668 19.
734 3620 770 3669 διὸ
787 3626 826 3669 καὶ
841 3621 880 3669 οὐκ
897 3623 934 3676 ἴση
950 3628 1035 3684 ζημία,
1054 3621 1081 3668 οἷν
1100 3642 1138 3678 τις
1155 3630 1194 3670 τὸν
1210 3624 1260 3671 ἓτε-

214 3701 347 3763 ρόᾳθα-λμον
361 3702 468 3762 τυφλώσῃ
481 3705 521 3748 καὶ
534 3706 573 3748 τὸν
592 3699 629 3748 δυ’
642 3699 736 3762 ἔχοντα·
749 3706 870 3763 ἀγαπητὸν
888 3707 934 3764 γὰρ
950 3703 1071 3764 ἀφῄρηται
1085 3716 1091 3747 :
1105 3717 1118 3746 ν
1128 3703 1259 3750 damnum

215 3791 246 3826 eo
263 3781 418 3841 majusque
435 3779 525 3827 utilior
547 3780 641 3828 oculus
661 3779 771 3828 evulsus
790 3795 822 3827 n:
848 3780 891 3829 hie
909 3794 1017 3843 quoque
1040 3780 1199 3829 Aristoteles
1224 3782 1258 3830 ud

214 3856 285 3906 hune
307 3859 353 3920 qui
368 3858 495 3922 inJuriem
511 3873 607 3922 pessus
623 3862 663 3909 est
677 3859 767 3923 potius
788 3874 869 3923 quem
894 3860 1021 3909 edilium
1044 3861 1090 3923 qui
1116 3860 1179 3910 iecit
1200 3874 1258 3909 res-

214 3937 298 4000 pexit.

245 4019 269 4066 1.
286 4016 349 4067 utu.
365 4018 431 4080 Nic„
446 4017 487 4068 ed.
503 4020 659 4081 Ramsauer,
677 4034 703 4084 p.
717 4021 771 4069 302.
