2948 5212
213 641 250 700 28
490 663 525 704 nc
546 663 665 704 ruscum
686 661 758 702 Arcu
780 659 966 701 rnrsroreiun

213 804 319 844 omues
342 789 412 858 lere,
435 806 505 846 cum
523 789 558 847 de
575 788 673 864 poenis
696 789 778 863 apud
803 784 999 845 Aristotelem
1023 784 1247 853 disseruerunt,

214 893 372 952 erravisse.
401 894 482 953 Nihil
508 894 591 954 aliud
616 895 699 954 enim
725 894 776 969 jus
801 892 1004 952 correctivum
1028 891 1118 965 jubet
1133 891 1194 949 nisi
1217 895 1250 948 ut

214 999 317 1058 omnia
326 1019 392 1074 qua
408 1000 484 1060 alter
495 1002 598 1060 amisit
611 1003 638 1060 ei
652 1001 865 1071 restituantur,
876 1003 968 1074 atque
982 998 1162 1073 omniaque
1174 996 1250 1056 alter

216 1106 315 1180 rapuit
335 1107 374 1165 ab
401 1125 436 1165 eo
453 1111 650 1182 repetantur:
676 1125 764 1184 poena
781 1107 886 1184 igitur,
914 1106 939 1164 si
958 1123 975 1164 a
995 1105 1064 1180 jure
1080 1104 1249 1162 corrective

215 1213 356 1286 pendeat,
371 1231 470 1288 neque
486 1231 596 1289 corpus
612 1215 745 1273 sontium
765 1214 860 1272 allicit
879 1230 978 1288 neque
990 1230 1094 1270 eorum
1111 1211 1249 1270 animum

215 1320 358 1378 emendat
373 1321 426 1378 sed
439 1321 551 1379 damna
565 1322 603 1379 ab
618 1322 656 1379 iis
670 1321 754 1379 illata
770 1320 908 1378 resarcit.
927 1319 1135 1390 Quamobrem
1153 1317 1250 1375 Zeller

214 1425 407 1484 Aristotelem
431 1428 627 1502 reprehendit
652 1429 732 1502 quod
759 1445 881 1502 pennam
902 1427 1047 1484 adamno
1069 1443 1132 1482 non
1149 1441 1249 1482 secre-

215 1533 322 1591 verit¹.
355 1535 391 1591 Et
420 1534 589 1592 Thonissen
619 1534 757 1608 scripsit:
782 1557 796 1588 «
828 1534 921 1592 Poena
950 1532 1032 1606 apud
1055 1529 1249 1589 Aristotelem

215 1638 420 1713 {equalitatem
445 1641 632 1700 facinoribus
649 1641 806 1699 turbatam
821 1639 920 1698 solum
936 1638 1081 1697 restituit.
1102 1660 1117 1691 »
1137 1638 1252 1696 Aristo-

215 1745 268 1803 teli
286 1746 407 1819 injustae
425 1765 491 1806 esse
512 1765 608 1822 poeuae
629 1747 803 1805 viderentur
817 1747 876 1805 nisi
893 1746 982 1804 bouis
998 1744 1117 1803 civibus
1133 1744 1251 1802 ulilita-

215 1856 279 1910 tem
300 1853 478 1927 praeberent.
493 1854 671 1913 Aristoteles
683 1856 763 1928 apud
780 1855 899 1912 Grecos
911 1853 1049 1911 eamdem
1066 1851 1252 1910 senteutiam

217 1959 310 2017 edidit
328 1978 420 2036 cruam
433 1963 514 2036 apud
540 1961 726 2021 recentiores
752 1960 867 2037 Auglos
895 1959 1075 2018 Benename.

257 2067 312 2126 His
331 2068 430 2127 verbis
448 2069 624 2143 opinionem
643 2068 815 2127 Aristotelis
841 2071 924 2126 recte
942 2067 1147 2126 demonstrari
1161 2084 1254 2125 nemo

213 2173 365 2253 judicabit
380 2174 437 2234 nisi
458 2174 608 2235 festinans
628 2172 743 2233 Etlrica
767 2171 978 2234 Nicomaclrea
993 2173 1113 2249 legerit.
1131 2172 1255 2231 Etenim

215 2463 466 2527 interpretationem
480 2465 661 2514 Hildeubrand
681 2465 769 2528 rejicit
783 2467 819 2528 (p.
836 2467 891 2525 299)
911 2480 916 2510 :
935 2464 1121 2513 «Aristoteles
1138 2463 1259 2527 grundct
1312 2471 1315 2475 '

217 2545 292 2593 nicht
307 2545 380 2594 seinc
395 2546 506 2594 Theorie
523 2560 574 2594 von
596 2547 644 2595 der
665 2546 752 2596 Strale
774 2546 820 2594 oul
838 2546 880 2594 die
902 2543 1085 2593 vertheilende
1102 2544 1259 2607 Gerechtig-

157 2645 159 2648 >
216 2624 301 2674 keil...
318 2643 331 2671 n
348 2625 470 2674 sedaddit
481 2641 486 2672 :
496 2643 510 2670 o
526 2628 575 2674 Der
590 2625 742 2690 Begriffdcr
752 2626 838 2675 Strafe
853 2625 910 2689 tritt
919 2625 1016 2673 beider
1027 2623 1259 2686 ausgleicheuden

218 2707 416 2769 GereclrtigkeIt
431 2707 559 2770 nirgends
581 2707 700 2756 deutlich
723 2707 830 2755 hervor.
847 2724 859 2751 n
884 2708 976 2768 ltaque
992 2705 1138 2768 querimus
1153 2705 1186 2754 oh
1202 2706 1260 2753 Hil-

216 2786 355 2836 dcnbrand
371 2787 417 2835 ubi
432 2787 587 2836 Aristoteles
609 2788 641 2836 de
657 2787 745 2850 pennis
758 2787 856 2850 egerit:
874 2786 937 2848 quid
953 2778 996 2835 ille
1014 2785 1176 2850 respondeat
1194 2799 1260 2834 mox

217 2867 377 2916 videbimus

248 2951 270 2994 l.
289 2948 336 3010 Op.
354 2949 408 3008 cit,
429 2951 453 2996 2⁶
468 2949 524 3008 Th„
545 2950 569 2996 2ο
586 2948 675 3007 Aban,
701 2950 725 2995 3⁶
738 2948 817 3006 Anu,
840 2961 866 3010 p.
882 2948 927 2995 643
945 2961 988 2995 n.:
1014 2964 1027 2992 u
1082 2962 1110 2995 es
1129 2947 1195 2995 aher
1216 2947 1260 2995 ein

216 3028 458 3077 uuverkeunbarer
470 3029 572 3091 Mangel
588 3029 634 3086 ist,
649 3028 710 3076 dass
727 3027 884 3077 Aristoteles
896 3026 1028 3075 zwischcu
1046 3027 1260 3076 Sohadenersetz

217 3110 271 3157 und
289 3110 374 3159 Strafc
389 3108 465 3158 nicht
489 3109 701 3167 untersclreidet,
722 3107 778 3156 und
802 3107 845 3156 die
868 3108 962 3167 Stralo,
981 3121 1032 3156 von
1051 3108 1098 3156 der
1113 3121 1164 3155 uns
1179 3107 1261 3156 aller-

216 3189 293 3251 dings
308 3189 376 3241 auch
389 3188 459 3238 noch
475 3189 664 3252 andervveitige
678 3188 791 3236 Zwecke
805 3187 984 3236 vorkommcn
999 3187 1118 3249 werden,
1135 3187 1193 3235 hier
1207 3201 1260 3236 nur

134 3295 137 3300 -
217 3269 256 3316 als
278 3270 357 3318 einen
386 3269 437 3317 deu
460 3267 708 3332 unreehtruiissigen
732 3268 843 3317 Gcwinu
866 3269 912 3316 des
933 3268 1112 3317 Verbrechers
1139 3268 1260 3329 ausglei-

219 3349 340 3398 chendcn
356 3350 464 3400 Verlust
478 3350 632 3399 hohandelt.
646 3367 660 3395 o

250 3432 273 3478 2.
291 3433 323 3479 Le
339 3431 408 3480 droit
424 3430 506 3493 penul
519 3429 584 3478 dans
599 3429 627 3479 le
644 3429 801 3493 Re'poblr'que
817 3427 980 3490 attemerare,
1000 3445 1026 3493 p.
1040 3432 1104 3478 456:
1120 3430 1156 3477 La
1169 3430 1260 3493 peine,

218 3530 230 3555 «
247 3511 403 3560 cousideree
419 3524 452 3559 eu
467 3510 622 3570 elle-meme,
637 3511 706 3558 n'est
720 3510 736 3558 a.
748 3523 789 3558 ses
806 3524 876 3572 yeux
891 3524 942 3572 que
960 3510 984 3558 lc
997 3510 1217 3559 rdtahlisseruent
1227 3512 1261 3559 de

219 3591 332 3655 l'igolitd
345 3581 464 3639 delenita
475 3604 523 3654 por
537 3591 560 3638 le
576 3589 649 3639 ddlit.
667 3608 680 3635 n
695 3590 759 3639 ldid.
775 3606 781 3636 :
797 3607 811 3636 «
828 3590 1009 3639 N'admettant
1023 3605 1071 3653 pas
1087 3590 1111 3639 le
1126 3591 1209 3653 regne
1227 3591 1260 3639 de

219 3673 244 3721 lu
262 3671 436 3730 Providenee,
451 3671 470 3719 il
486 3671 575 3719 devait
588 3669 739 3719 lorctmcnt
754 3670 882 3720 chercher
895 3670 919 3718 la
934 3670 1074 3733 legitiurite
1088 3669 1124 3718 du
1141 3669 1212 3718 droit
1228 3671 1260 3718 de

218 3752 299 3816 punir
309 3751 375 3799 dans
391 3751 429 3799 les
445 3754 589 3813 avantages
604 3751 741 3800 materiels
753 3764 804 3813 que
818 3744 956 3799 l'exercicc
971 3750 1046 3798 dece
1063 3751 1134 3801 droit
1145 3764 1261 3813 procure
1349 3813 1352 3824 ⁴

219 3847 272 3880 oux
291 3832 411 3894 citoyeus
435 3831 575 3880 honudtes
594 3847 608 3877 r>
626 3830 663 3880 Cf.
687 3846 713 3895 p.
738 3833 802 3879 457:
827 3847 838 3877 o
854 3830 903 3878 Les
920 3831 1056 3879 doctrines
1072 3830 1260 3879 materialistes

220 3920 363 3969 d'Arislote
387 3922 434 3969 ont
455 3921 597 3969 rerrcontrd
620 3933 657 3968 un
683 3920 807 3983 puissaut
831 3919 928 3983 adepte
954 3922 980 3968 et
1004 3932 1041 3968 un
1063 3919 1262 3983 vulgarisateur

219 4001 323 4052 illustre
335 4001 402 4050 dans
417 3999 532 4052 teremie
548 4000 688 4050 Bentlraru.
705 4017 717 4046 »
