2948 5212
231 720 266 760 na
287 719 432 760 nmmrme
455 720 485 760 er
507 719 699 772 mmmumre3
725 720 759 760 nn
780 717 897 760 ramirus
920 719 951 759 ur
973 718 1067 758 roums
1128 698 1166 757 59

130 863 172 904 an
190 845 291 903 officio
310 863 365 904 suo
379 845 504 904 destitui
520 844 583 903 sive
606 844 759 920 repudiari
770 845 879 918 jubeat
891 845 912 902 ¹.
939 845 998 904 Sed
1021 843 1166 919 quoniam

126 951 181 1026 jus
199 952 400 1010 domesticum
413 952 465 1025 jus
481 950 570 1010 civile
587 951 735 1024 imitatur,
753 969 853 1010 nonne
875 969 970 1026 poeuae
995 954 1025 1009 et
1043 950 1166 1027 praemia

128 1061 262 1133 utroque
290 1060 359 1134 jure
384 1058 552 1117 constituta
578 1057 810 1117 similitudinem
841 1059 1006 1133 quamdam
1034 1057 1166 1132 praebere

131 1165 270 1224 debent?

173 1273 246 1331 Jure
268 1273 437 1331 domestico
460 1272 595 1349 cognito,
624 1289 788 1351 pergamus
812 1272 919 1347 adjus
940 1271 1028 1330 civile
1053 1269 1167 1350 (δίκαιον

131 1375 297 1456 πολιτικόν).
318 1378 453 1453 Quisque
471 1378 557 1450 civis,
576 1380 611 1436 ut
624 1377 798 1437 libertatem
819 1396 904 1437 suam
922 1380 1032 1451 servet,
1053 1376 1167 1452 aliquid

131 1485 288 1560 possidere
320 1485 429 1556 debet;
460 1485 590 1560 quisque
625 1485 711 1555 rivis,
748 1487 783 1542 ut
815 1483 1036 1543 recentioribus
1066 1484 1167 1543 verbis

131 1595 267 1663 utamur,
287 1609 347 1648 nou
364 1590 464 1649 solum
484 1615 496 1645 «
509 1592 566 1666 -jus
582 1590 775 1666 proprietatis
792 1614 807 1644 >i
824 1592 878 1649 sed
897 1613 911 1645 ιι
922 1592 972 1666 J'us
985 1591 1016 1648 in
1035 1590 1168 1666 proprie-

131 1701 228 1756 tatem
243 1719 257 1751 »
277 1697 430 1771 quoddam
446 1697 570 1756 habetl.
596 1698 702 1772 ltaque
723 1697 820 1769 Plato,
844 1700 879 1756 ut
895 1715 959 1756 rem
986 1697 1095 1771 cuique
1112 1697 1167 1756 tri-

131 1804 250 1875 bueret,
266 1821 374 1862 omues
396 1803 518 1862 divitias
544 1803 574 1861 in
594 1803 749 1861 communi
763 1803 883 1879 posuit:
909 1804 990 1878 quod
1012 1802 1167 1861 Aristoteli

132 1909 298 1984 displicuit.
324 1908 445 1968 Etenim
474 1927 536 1967 uon
567 1908 665 1968 solum
686 1927 751 1968 rem
778 1910 942 1984 quamdam
966 1910 1018 1968 sed
1042 1928 1107 1968 rem
1131 1927 1166 1967 eo

132 2016 282 2090 majorem
296 2033 357 2089 quo
376 2015 474 2092 magis
499 2015 581 2074 valet
595 2015 724 2090 quisque
747 2015 902 2090 possidere
927 2016 1027 2075 debet.
1046 2015 1166 2074 Divitiis

128 2124 236 2184 ,autem
252 2121 284 2178 in
302 2121 458 2180 communi
474 2121 593 2196 positis
613 2138 672 2196 qua
689 2121 806 2180 ratione
822 2122 931 2196 cuique
947 2140 1000 2196 pro
1016 2120 1166 2198 dignitate

132 2245 188 2285 sua
205 2226 317 2286 divitiae
336 2226 567 2286 tribuerentur?
591 2228 669 2303 Ergo
696 2227 818 2286 divitias
844 2228 1033 2299 dividamus;
1061 2228 1115 2286 sed
1134 2230 1167 2286 ut

132 2334 261 2409 quisque
276 2352 341 2393 rem
357 2352 444 2393 suam
462 2335 660 2410 adipiscatur,
685 2335 817 2410 primum
838 2339 937 2394 eertos
961 2337 1038 2394 lines
1062 2335 1100 2394 iis
1115 2336 1166 2411 qui

131 2441 255 2500 divitias
273 2446 443 2518 congerunt
458 2443 710 2514 constituamus³‚
736 2443 845 2501 deinde
866 2444 1049 2519 cupiditates
1066 2443 1166 2521 homi5

130 2567 206 2608 num
221 2549 264 2607 ita
280 2550 474 2608 moderemur
490 2554 523 2608 ut
537 2550 649 2608 nimias
665 2550 787 2609 divitias
803 2569 914 2626 cupere
934 2551 1031 2610 nolint
1041 2550 1063 2623 ⁴,
1083 2550 1168 2610 deni-

131 2675 190 2732 que
207 2674 258 2716 eos
274 2657 459 2717 suadeamus
480 2661 515 2716 ut
533 2657 648 2716 divitiis
670 2658 734 2717 suis
756 2659 855 2718 amice
880 2659 944 2718 sive
962 2658 1168 2718 conrmuniter

163 2942 185 2986 1.
203 2940 361 2989 Aristoteles
378 2939 460 2989 refert
481 2939 693 3000 matrimonium,
704 2955 764 2989 eum
782 2941 879 2990 desunt
893 2941 979 3005 pueri,
996 2955 1067 3004 saepe
1078 2941 1168 2990 dirimi

129 3020 198 3080 (Nic.
214 3024 242 3078 Θ,
259 3023 296 3068 lt.
315 3021 374 3067 1162
395 3034 410 3068 a
435 3021 483 3081 27),
511 3020 553 3067 vel
579 3019 724 3082 aliquando
746 3035 807 3069 oum
830 3020 969 3069 abundant
991 3019 1056 3082 (Pol.
1083 3021 1111 3069 B.
1129 3022 1167 3069 ro.

130 3101 219 3148 larua
236 3102 333 3159 22-21).
354 3099 404 3148 Sed
427 3099 549 3148 homiues
565 3101 717 3163 eonjugium
735 3101 851 3149 subeunt
865 3114 920 3149 uon
935 3101 1023 3149 solum
1045 3115 1168 3163 procrea-

129 3179 210 3228 tionis
232 3179 276 3228 sed
303 3180 382 3228 etiam
399 3193 490 3227 earum
512 3193 603 3228 rerum
619 3180 704 3243 gratia
722 3194 782 3242 quae
802 3181 863 3229 vitre
879 3183 995 3244 prosunt
1014 3182 1090 3244 (Nic,
1114 3180 1167 3230 loe.

128 3260 185 3318 eit,
203 3261 262 3308 1162
276 3273 292 3307 a
304 3261 354 3321 20).
377 3261 469 3308 Nonne
492 3259 553 3309 lieet
569 3260 606 3308 eis
629 3261 830 3309 matrimonium
847 3261 950 3310 solvere
963 3275 1025 3310 eum
1040 3260 1073 3309 iis
1087 3261 1168 3310 rebus

127 3353 186 3389 nou
199 3339 348 3388 fruuntur?

160 3422 184 3467 2.
202 3420 240 3468 ef.
256 3419 376 3479 Oncken‚
400 3420 564 3470 Stoatstetre
574 3419 620 3468 des
638 3421 697 3483 Ar„
708 3421 760 3470 vol.
774 3422 793 3483 l,
810 3437 835 3484 p.
854 3423 914 3470 192;
933 3439 944 3467 ιι
961 3422 1049 3471 Wenu
1065 3420 1168 3470 Labou-

128 3497 218 3563 laye.'..
243 3501 319 3562 sagt:
344 3516 355 3546 ιι
378 3501 428 3548 Der
445 3501 554 3550 Mensch
578 3501 624 3550 hat
648 3502 773 3565 vermoge
793 3502 866 3551 eines
891 3503 1096 3565 Naturgesetzes
1120 3501 1167 3551 das

55 3611 58 3616 -
127 3579 310 3628 Bewusstseiu
334 3579 390 3627 und
408 3580 456 3628 das
480 3580 637 3630 Bedtirluiss
659 3581 707 3629 des
728 3581 913 3643 Eigenthums,
937 3581 992 3629 und
1007 3581 1166 3644 Eigenthum

127 3660 162 3709 ist
175 3659 217 3708 die
233 3662 303 3708 erste
318 3659 475 3724 Bediugung
487 3660 563 3723 jeder
578 3661 767 3724 personliehen
783 3661 903 3710 arbeit...
923 3677 945 3721 ιι,
971 3674 1000 3710 so
1017 3660 1120 3725 sprieht
1139 3675 1168 3710 er

126 3753 180 3788 nur
193 3754 240 3788 aus
256 3754 312 3788 was
325 3753 373 3787 vor
387 3740 442 3787 ihm
459 3741 559 3790 bereits
575 3741 761 3790 Aristoteles...
778 3741 894 3790 erkanut
910 3740 964 3789 hat.
982 3758 994 3786 u

160 3822 183 3868 3.
201 3818 257 3868 Pol.
272 3821 299 3867 B.
312 3822 334 3869 7.
353 3820 441 3868 lieth
460 3823 503 3869 l5:
562 3821 612 3884 ἔχει
626 3821 680 3871 τινὰ
696 3821 797 3885 δύναμιν
812 3829 843 3879 εἰς
857 3830 899 3876 τὴν
911 3825 1035 3876 πολιτικὴν
1048 3828 1167 3872 κοινωνίαν

126 3904 141 3954 ἡ
160 3909 200 3958 τῆς
213 3901 292 3958 otum
306 3903 432 3963 ὁμαλότης.

159 3982 183 4027 [ι.
200 3979 276 4042 thid,
294 3982 340 4028 29:
358 3983 445 4043 μᾶλλον
461 3980 507 4046 γὰρ
524 3981 561 4029 δεῖ
573 3981 615 4039 τὰς
629 3983 754 4045 ἐπιθυμίας
768 3986 889 4045 ὁμαλίζειν
906 3986 920 4040 ἦ
936 3983 978 4044 τὰς
995 3983 1083 4044 οὐσίας,
1100 3988 1167 4038 τοῦτο

128 4061 193 4111 δὀὐκ
205 4061 255 4110 ἔστι
270 4068 303 4124 μὴ
316 4062 493 4125 παιδευομένοις
511 4065 595 4120 ἱκανῶς
609 4061 656 4113 ὑπὸ
669 4071 713 4112 τῶν
728 4068 813 4127 νόμων.
