2946 5130
513 674 546 715 oe
567 673 632 715 irae
653 674 787 717 sirenus
905 730 907 734 Α
1131 656 1170 719 43

114 802 302 864 tribuendis
322 801 411 861 bonis
438 804 469 859 et
489 799 633 876 sophista
660 803 691 863 et
715 800 857 861 socratici
875 801 1050 879 philosophi
1072 802 1171 863 secuti

115 913 205 970 sunt
220 909 253 968 in
265 908 442 969 definitione
463 925 518 968 sua
542 907 784 983 comprehendit.
809 907 868 969 Alii
882 907 935 985 τὴν
950 909 1104 979 πλεονεξίαν
1116 922 1171 969 τῶν

116 1014 292 1096 κρειττόνων
314 1014 457 1077 laudibus
481 1015 612 1073 ellerunt
635 1032 727 1089 quam
743 1012 794 1072 alii
824 1015 1011 1090 vituperant.
1042 1018 1100 1076 Sed
1118 1019 1170 1093 qui

118 1123 189 1183 riri
203 1142 258 1200 per
271 1124 328 1182 hoe
338 1122 482 1182 verbum:
497 1123 521 1179 ot
539 1128 675 1201 κρείττους
691 1121 918 1199 designantur?
934 1124 1042 1183 Utrum
1055 1124 1170 1183 viribus

117 1230 267 1307 eorporis
297 1248 337 1291 an
370 1228 535 1288 virtutibus
564 1228 660 1287 animi
695 1227 773 1288 alter
803 1227 892 1291 altori
920 1231 1089 1305 praecellit‘?
1117 1231 1169 1308 τὴν

118 1336 280 1407 πλεονεξίαν
296 1335 421 1396 omnino
439 1335 588 1410 injustam
611 1353 679 1395 esse
700 1337 840 1397 Socrates
862 1340 893 1395 et
915 1336 1001 1395 Plato
1020 1343 1171 1414 negarent

119 1446 185 1505 sed
206 1445 322 1520 justam
358 1461 426 1503 esse
454 1442 591 1502 dicerent
618 1439 667 1521 τὴν
693 1453 747 1501 τῶν
776 1440 889 1522 ἀρίστων
917 1444 1076 1512 πλεονεξίαν.
1104 1447 1169 1504 Ηοο

117 1552 272 1613 Socrates
297 1552 386 1611 <locet
408 1568 461 1609 eos
484 1567 551 1609 esse
574 1547 706 1629 κρείττους
728 1549 780 1625 qui
808 1550 919 1609 virtute
946 1551 1050 1626 potius
1076 1571 1169 1627 quam

118 1657 271 1737 potentia
281 1657 391 1717 ceteris
399 1655 586 1733 praevaleant
595 1659 615 1714 ¹.
624 1657 739 1716 Omnes
751 1657 915 1731 dejustitia
925 1657 1005 1717 idem
1018 1659 1166 1731 sentiunt,

115 1767 181 1829 sed
198 1765 296 1825 varias
308 1763 436 1840 justitian
449 1763 644 1824 definitiones
661 1764 727 1823 ideo
744 1759 918 1840 proponunt
929 1765 999 1840 quia
1016 1767 1117 1825 varias
1132 1768 1168 1825 do
1224 1805 1227 1811 ·

115 1872 280 1952 (lignitate
300 1871 459 1931 hominum
480 1871 640 1946 opiniones
659 1872 785 1931 liabent.
804 1872 844 1932 Ut
859 1870 943 1931 illam
957 1871 1032 1951 (qua
1050 1874 1167 1932 Aristo-

115 1979 206 2041 teles
218 1978 372 2054 justitiam
385 1978 613 2038 distributivam
624 1975 790 2056 expressit)
802 1979 1022 2055 geometricam
1042 1999 1166 2056 propor-

114 2088 248 2149 tionem
273 2085 465 2145 constituant
485 2084 537 2144 alii
560 2083 638 2143 alios
660 2103 803 2144 numeros
825 2085 975 2162 eligunt²‚
1008 2088 1059 2146 scd
1087 2087 1168 2145 inter

113 2192 328 2272 philosophos
351 2191 420 2267 quis
444 2195 539 2269 negat
558 2191 711 2267 justitiam
732 2210 784 2268 per
802 2193 1030 2267 proportionem
1045 2212 1168 2269 geome-

113 2301 238 2363 tricam
253 2304 334 2359 recte
350 2298 496 2359 deliniri?

160 2412 204 2468 nt
227 2406 341 2483 politici
365 2407 436 2481 quid
460 2407 496 2465 de
522 2406 580 2464 liae
600 2405 795 2481 proportione
812 2407 948 2483 cogitant
961 2407 975 2464 ἱ)
994 2408 1030 2466 lli
1044 2408 1167 2481 justitia

107 2514 227 2593 juberi
243 2513 348 2573 dicunt
361 2531 424 2573 non
440 2517 473 2572 ut
492 2512 668 2572 communia
684 2532 736 2588 pro
758 2513 908 2588 cujusque
928 2514 1003 2572 civis
1016 2515 1166 2591 dignitate

111 2621 311 2689 dividamus
339 2621 393 2679 sed
416 2622 451 2678 ut
474 2619 603 2695 publicae
632 2619 756 2679 utilitati
784 2619 1010 2696 indulgeamus.
1040 2622 1165 2682 lustitia

111 2746 197 2789 vero
213 2727 254 2787 ab
269 2725 430 2787 Aristotele
452 2725 574 2784 nonita
594 2726 746 2801 descripta
771 2730 866 2786 estut
889 2727 1015 2787 utilitati
1040 2727 1166 2804 publicio

109 2837 329 2912 repugnaret:
357 2831 415 2893 οὐδὲ
438 2830 470 2891 τ“ο
495 2831 595 2891 δίκαιον
620 2830 725 2900 πόλεως
744 2832 914 2915 οθοροικόνῧ.
933 2837 998 2894 lmo
1010 2836 1165 2910 justitiam

109 2942 303 3005 civitatibus
327 2940 523 3000 utilissimam
538 2958 605 3000 esse
621 2941 733 3000 credit:
758 2941 898 3001 civitates
914 2943 995 3001 cuim
1012 2947 1092 3002 staro
1105 2963 1167 3001 non

108 3052 256 3129 possunt
265 3047 324 3107 nisi
335 3048 417 3107 cives
432 3047 551 3106 civibus
563 3046 690 3122 injurias
703 3066 756 3123 pro
775 3048 906 3124 injuriis,
916 3049 1018 3108 ollula
1031 3069 1083 3125 pro
1095 3052 1164 3109 olli-

108 3157 175 3219 ciis
195 3156 343 3215 reddant:
359 3157 399 3235 τῷ
413 3151 556 3213 ἀντιποιεῖν
566 3152 615 3234 γὰρ
626 3153 756 3234 ἀντλόγον
771 3154 926 3234 συμμένειή
943 3154 1018 3221 πόλις
1028 3157 1047 3215 ι.
1062 3159 1165 3232 Neque

107 3270 203 3326 stare
219 3266 350 3339 possunt
364 3262 505 3322 civitates
523 3261 582 3320 nisi
596 3280 644 3321 res
669 3280 722 3338 pro
745 3263 895 3338 cujusque
916 3263 991 3322 ciris
1012 3264 1163 3341 dignitato

144 3516 171 3562 l.
195 3508 318 3573 Gorgias,
334 3511 379 3558 loo
395 3523 419 3558 o.

140 3594 169 3641 2.
193 3590 264 3650 Sint,
279 3603 320 3638 ex.
336 3602 385 3653 gr.¹
404 3589 521 3638 Achilles
534 3588 579 3650 (ε),
597 3590 664 3652 Α]οκ
679 3592 724 3654 (β),
745 3590 849 3640 nuuuui
871 3591 982 3640 Achillis
999 3593 1041 3655 (γ),
1062 3594 1164 3642 nummi

104 3698 209 3764 Ajacis
224 3696 271 3759 (d).
288 3696 386 3745 Omnes
402 3672 557 3744 scribent3
568 3712 599 3733 z
609 3674 630 3780 ps
644 3712 649 3744 :
666 3698 712 3747 sod
728 3699 771 3747 hio
781 3698 909 3747 Aeliillom
920 3713 967 3763 por
979 3702 1002 3760 8,
1015 3700 1116 3764 illopor
1127 3704 1163 3760 io,

104 3796 215 3850 tertius
231 3795 322 3843 auteur
338 3808 387 3857 per
402 3796 430 3842 20
443 3793 601 3858 designabit.
620 3796 735 3845 Elidem
752 3795 785 3845 de
800 3798 890 3861 Ajace.
911 3797 989 3862 Ergo,
1015 3812 1070 3847 non
1086 3799 1163 3848 alitor

103 3879 142 3930 de
161 3873 301 3927 nummis.

139 3960 167 4007 3.
190 3952 251 4004 Pol.
266 3960 294 4003 Γ.
312 3954 349 4001 lll.
370 3955 428 4002 1281
444 3968 459 4002 a
474 3956 512 4002 20.

141 4040 169 4089 4.
191 4033 256 4086 ΕΜ.
272 4034 329 4085 Nic.
345 4034 374 4086 E.
390 4036 412 4088 8.
431 4035 517 4085 uano
533 4038 571 4087 33.
