2948 5212
247 682 285 742 dd
530 701 563 741 oa
583 699 703 742 rusrrrm
725 700 796 742 apro
818 699 1006 743 amsroreuru

248 824 403 901 iungitur:
421 843 511 883 suum
526 825 636 901 cuique
651 830 717 885 tum
731 825 840 885 tribuit
857 828 923 885 tum
938 826 1055 886 reddit:
1075 825 1152 885 illud
1170 826 1210 885 ad
1227 825 1297 885 dis-

247 931 439 1003 tributivum,
465 931 523 990 hoc
546 932 584 989 ad
609 932 812 991 correctivum
834 935 964 1007 spectat.
990 934 1064 992 Jure
1092 931 1297 993 distributivo

248 1040 376 1096 utuntur
389 1055 451 1096 non
466 1035 564 1096 solum
586 1038 616 1095 hi
643 1038 692 1113 qui
716 1041 814 1096 terras
839 1042 946 1115 captas
971 1038 1052 1101 inter
1076 1039 1194 1098 milites
1219 1056 1297 1098 suos

248 1144 388 1203 dividunt
399 1142 446 1201 vel
455 1142 591 1202 colonias
602 1144 683 1219 apud
694 1144 845 1203 Barbaros
858 1145 995 1205 condunt
1004 1147 1024 1217 ¹,
1038 1145 1197 1204 sedetiam
1208 1145 1297 1205 cives

249 1251 301 1325 qui
316 1250 515 1327 magistratus
528 1252 689 1309 conterunt
705 1250 752 1310 vel
765 1251 885 1326 judices
897 1252 949 1327 qui
960 1269 1068 1327 poeuas
1083 1252 1294 1311 constituunt.

249 1357 388 1429 Quotidie
416 1374 485 1415 vero
512 1360 648 1415 mutatur
674 1357 824 1417 bonorum
852 1357 1040 1418 malorumve
1068 1357 1199 1418 divisio:
1224 1362 1296 1417 tum

230 1542 233 1547 Ι
250 1463 414 1539 requiritur
424 1463 477 1537 jus
491 1463 693 1522 correctivum
705 1482 767 1522 nou
780 1468 812 1522 ut
828 1483 941 1524 novam
956 1466 1121 1539 quamdam
1134 1465 1295 1540 justitiam

250 1570 402 1642 instituat,
420 1570 470 1628 sed
489 1572 523 1627 ut
542 1569 770 1630 distributivam
789 1571 943 1646 justitiam
964 1571 1117 1632 restituat.
1135 1572 1193 1631 Hic
1208 1571 1295 1631 enim

251 1676 327 1735 civis
351 1676 402 1750 qui
424 1674 530 1735 voleus
560 1694 677 1734 merces
700 1694 772 1735 suas
793 1677 930 1737 vendidit
946 1677 994 1737 vol
1015 1678 1124 1745 nolens
1145 1677 1295 1753 iujuriam

251 1791 360 1850 passus
376 1777 433 1845 est,
454 1777 570 1848 partem
595 1774 760 1847 quamdam
785 1774 889 1833 amisit
914 1793 950 1834 cx
971 1774 1010 1834 iis
1033 1793 1100 1850 qua
1121 1775 1294 1833 secuudum

250 1881 301 1956 jus
318 1879 547 1938 distributivum
564 1884 741 1955 acceperat:
762 1881 798 1938 ad
810 1880 862 1955 jus
876 1880 1107 1940 distributivum
1124 1881 1292 1940 restituen-

252 1986 388 2060 dumjus
404 1985 605 2044 correctivum
622 1988 755 2061 prodest.
779 1988 844 2046 Hoc
860 2005 896 2045 ea
917 1987 1016 2047 reficit
1036 2005 1102 2062 quar
1117 1986 1191 2045 iilud
1210 1988 1292 2046 sece-

252 2093 339 2151 rat2:
358 2093 395 2151 ad
410 2092 550 2150 cumdem
567 2093 659 2151 smem
678 2095 843 2182 utrumque
868 2093 976 2152 tendit.
1003 2092 1104 2164 Quare
1128 2093 1159 2151 in
1184 2093 1292 2152 cadem

253 2198 431 2259 definitione
443 2199 518 2258 diras
532 2199 658 2274 justitia}
670 2199 788 2273 species
799 2199 979 2259 Aristoteles
995 2218 1074 2275 saepe
1087 2199 1291 2275 comprehen-

254 2305 315 2364 dit:
338 2308 448 2382 reguat
468 2305 590 2380 justitia
609 2323 677 2364 cum
701 2305 830 2381 quisque
851 2324 942 2365 suum
966 2305 1078 2382 accipit
1096 2305 1145 2364 vel
1162 2323 1293 2380 recupe-

254 2416 301 2470 rat
314 2410 335 2469 ³.

751 2627 793 2685 lll

295 2842 381 2901 Hauc
390 2840 552 2917 justitiam,
566 2857 635 2898 cum
650 2839 802 2915 plerisque
814 2840 992 2899 hominibus
1006 2857 1076 2898 vera
1086 2837 1208 2915 justitia
1224 2856 1296 2899 esse

255 2949 404 3019 videatur,
429 2947 609 3007 Aristoteles
628 2951 739 3005 natura
763 2946 973 3007 commendari
997 2950 1096 3021 putat.
1122 2947 1201 3004 Num
1221 2963 1295 3005 vero

254 3057 406 3132 plerisque
434 3054 611 3113 hominibus
636 3054 757 3129 justum
788 3071 855 3112 esse
888 3054 1007 3112 videtur
1036 3054 1146 3129 cuique
1171 3057 1296 3113 tantum

255 3165 326 3223 dare
342 3162 387 3222 vel
404 3163 528 3221 reddere
545 3165 659 3236 quanto
674 3161 713 3219 sit
728 3161 864 3238 diguus?
881 3163 1000 3225 Nonne,
1022 3165 1054 3220 ut
1066 3162 1103 3220 de
1115 3160 1195 3235 juris
1210 3160 1297 3236 priu-

254 3424 334 3474 quaiu
351 3408 479 3459 Susemihl
494 3408 617 3467 secludit,
638 3407 676 3456 sio
688 3407 861 3470 interpretari
876 3422 1036 3471 possumus:
1059 3408 1162 3472 specics
1179 3407 1297 3471 justitire

254 3491 353 3540 multas
369 3504 427 3540 esse
443 3491 524 3553 patet.
541 3488 616 3548 Quod
633 3501 724 3535 vorum
741 3490 781 3536 est
798 3488 904 3536 etiamsi
916 3489 1021 3552 justitio
1036 3502 1089 3538 uua
1104 3487 1147 3536 sit.

289 3575 308 3619 t.
329 3572 360 3620 ut
376 3571 539 3620 Ramsauoro
555 3567 661 3617 videtur
676 3566 746 3627 (Elii.
763 3568 828 3629 Nic„
846 3568 887 3617 ed.
904 3569 949 3629 Rr,
966 3584 992 3632 p.
1010 3571 1074 3628 310).
1111 3598 1115 3603 -

286 3654 309 3700 2.
327 3651 364 3700 Cf.
383 3649 611 3712 Trcndolcnburg‚
627 3649 693 3696 diist.
709 3649 801 3709 Beitr„
822 3648 873 3697 vol.
889 3648 933 3705 lll,
948 3663 974 3711 p.
992 3650 1045 3696 412.
1061 3676 1092 3684 -
1110 3648 1240 3709 t'echnem
1252 3662 1297 3711 op.

254 3736 308 3795 oid,
323 3747 349 3795 p.
359 3733 386 3779 :31
401 3746 406 3779 ε
426 3751 437 3774 «
453 3731 519 3778 Dass
529 3729 617 3778 dieser
628 3728 778 3777 dustausch
791 3728 826 3776 iui
842 3729 971 3777 Bestrmde
981 3728 1028 3776 der
1040 3728 1168 3777 fritheron
1182 3726 1298 3777 Rechts-

254 3812 431 3862 verhiittnissc
454 3810 543 3859 niclits
564 3808 689 3858 iiudert...
707 3809 743 3858 ist
763 3808 805 3857 dio
829 3809 948 3871 :irrigabo
966 3809 1014 3856 dor
1037 3806 1298 3871 epanorthotischen

254 3892 481 3954 (iereehtigkcit...
498 3890 540 3939 die
555 3905 585 3939 zu
602 3889 649 3938 der
664 3888 1075 3952 vcrttieitendenGorochtigkeit
1089 3902 1142 3937 uur
1153 3888 1212 3936 ciue
1228 3900 1297 3938 con-

255 3972 377 4022 sekutive
397 3971 517 4033 Stellung
534 3970 685 4019 oinnimuit.
702 3987 713 4016 v
733 3969 770 4018 Cf.
787 3984 813 4033 p.
829 3971 867 4017 tt.

285 4056 307 4103 3.
325 4050 386 4102 uto.
397 4051 451 4101 Nic.
465 4052 493 4101 E.
505 4053 528 4100 9.
546 4052 605 4100 1134
620 4065 635 4099 a
651 4053 672 4111 1,
689 4051 774 4100 33-35.
792 4049 828 4098 Cf.
845 4047 930 4111 diret,
946 4050 977 4098 A.
994 4050 1017 4097 9.
1034 4050 1093 4099 rufio
1106 4048 1123 4097 h
1138 4050 1161 4099 9.
