2948 5212
499 665 502 668 ·
597 652 632 694 os
652 652 718 695 runs
738 652 873 696 urrunnu
1216 631 1253 693 23

216 779 301 852 licat,
325 798 388 839 non
411 797 575 855 possumus
594 782 610 859 β
627 782 693 856 etp
720 796 783 837 non
807 777 1003 838 discernere:
1029 776 1059 836 οὐ
1085 779 1135 857 γὰρ
1156 774 1256 850 γίνεται

215 888 258 955 εἷς
274 884 377 969 ἀριθμῷ
395 886 461 968 ὅρος,
481 888 503 968 ᾧ
520 887 566 946 καὶ
580 886 627 946 111.
649 888 706 946 Per
735 886 899 945 discretam
917 885 1010 964 igitur
1029 884 1257 962 proportionem

222 983 441 1074 geometricam
453 989 576 1069 justitia
593 994 788 1054 distributiva
797 993 987 1069 exprimitur.

260 1103 391 1163 lustitiae
407 1102 580 1161 corrective
602 1100 865 1174 mathematicam,
892 1105 926 1159 ut
942 1102 985 1161 ita
1003 1101 1113 1174 dicam,
1148 1099 1259 1177 imagi-

219 1228 291 1270 nem
306 1210 460 1287 proportio
478 1210 617 1286 quaedam
634 1209 827 1268 arithmetica
851 1209 960 1268 reddit.
980 1210 1148 1284 Postquam
1179 1207 1261 1268 enim

168 1337 172 1345 ·
221 1318 352 1395 quisque
368 1317 443 1377 civis
460 1320 579 1393 partem
599 1334 688 1376 suam
711 1317 862 1376 honorum
886 1317 1097 1375 communium
1130 1315 1259 1391 accepit,

222 1425 276 1485 illa
286 1426 369 1484 bona
391 1425 496 1484 volens
511 1424 620 1484 nolens
639 1423 780 1483 amittere
795 1427 916 1499 potest:
932 1424 1051 1500 justum
1062 1427 1109 1483 est
1118 1423 1213 1501 igitur
1224 1426 1262 1483 ab

224 1534 282 1592 hoc
298 1531 364 1590 cive
380 1531 429 1591 vel
446 1531 498 1591 illa
515 1530 583 1607 ipsa
597 1531 679 1590 hona
694 1530 742 1589 vel
759 1530 845 1606 paria
871 1530 1062 1606 recuperari;
1081 1531 1202 1605 justum
1217 1549 1261 1590 ee.

223 1642 306 1700 hunc
325 1641 424 1700 civem
441 1641 489 1700 vel
503 1639 556 1699 illa
571 1640 638 1715 ipsa
653 1641 735 1700 bona
749 1641 798 1700 vel
819 1641 907 1716 paria
925 1658 962 1700 ex
976 1641 1028 1700 illo
1055 1644 1193 1716 repetere
1211 1640 1261 1716 qui

224 1770 272 1822 ea,
290 1751 355 1810 sive
373 1750 528 1826 emptione
546 1751 610 1810 sive
625 1752 742 1823 frande,
768 1751 848 1810 clam
878 1754 932 1809 aut
958 1749 1071 1824 palam,
1100 1748 1266 1824 sumpserit

226 1859 297 1918 Haec
313 1857 396 1918 enim
424 1858 505 1917 inter
528 1857 668 1916 homines
700 1861 772 1916 sunt
795 1856 998 1916 οοιιιιιιονοίιι2
1022 1875 1083 1916 non
1106 1855 1206 1915 solum
1231 1859 1266 1915 nt

226 1963 401 2024 alteralteri
419 1968 526 2041 sponte
548 1983 604 2024 sna
634 1983 699 2024 rem
722 1965 886 2041 quamdam
901 1965 1014 2024 vendat
1028 1963 1076 2022 vel
1093 1964 1267 2022 commodet

226 2074 281 2132 sed
298 2072 392 2132 etiam
410 2076 445 2131 ut
459 2072 537 2132 alter
550 2091 586 2132 ex
606 2071 731 2132 alterius
750 2072 838 2131 bonis
854 2075 972 2148 partem
991 2073 1155 2147 qnamdam
1169 2071 1200 2129 vi
1215 2073 1268 2129 aut

222 2179 291 2239 dolo
310 2180 451 2239 detrahat
468 2189 540 2238 ἰτῶν
557 2181 606 2260 γὰρ
621 2180 847 2258 συναλλαγμάτων
861 2181 895 2238 τὰ
910 2177 958 2258 μὲν
980 2177 1086 2238 ἑκούσιά
1103 2180 1221 2238 ἔστιντὰ
1237 2178 1264 2238 δε

224 2284 342 2355 ἀκούσια,
370 2284 477 2346 ἑκούσια
498 2285 544 2366 μὲν
564 2289 598 2346 τὰ
626 2288 715 2347 τοιάδε
743 2287 797 2346 οἷον
819 2295 912 2368 πρᾶσις
942 2285 998 2363 ὠνὴ
1026 2286 1163 2363 δανεισμὸς
1188 2283 1267 2364 ἐγγύη

224 2403 326 2475 χρῆσις
339 2397 554 2474 παρακαταθήκη
571 2395 748 2474 μίσθωσις...,
766 2400 820 2453 τῶν
837 2393 864 2454 δὲ
879 2390 1005 2453 ἀκουσίων
1022 2395 1056 2452 τὰ
1077 2390 1124 2471 μὲν
1143 2393 1265 2472 λαθραῖα,

226 2493 279 2561 οἷον
296 2501 384 2578 κλοπὴ
401 2507 509 2584 μοιχεία
530 2509 680 2583 φαρμακεία
698 2502 869 2583 προαγωγεία
885 2500 1047 2560 δουλαπατία
1061 2499 1269 2582 δολοφονίαψευ-

225 2608 398 2689 δομκρτυρία,
415 2607 450 2667 τὰ
474 2607 501 2668 δὲ
526 2611 609 2688 βίαια,
626 2609 680 2668 οἷον
709 2606 782 2669 αἰκία
801 2607 895 2688 δεσμὸς
911 2609 1020 2675 θάνατος
1035 2609 1140 2688 ἁρπαγὴ
1152 2609 1269 2688 πήρωσις

226 2714 376 2796 κακηγορίαι
389 2714 605 2796 προπηλακισμός
616 2717 637 2774 ³.
656 2717 714 2776 Sed
731 2716 874 2776 omnihus
891 2716 939 2775 his
957 2738 971 2770 ιι
995 2714 1265 2792 obligationibus»

263 2967 284 3012 1.
303 2963 359 3011 Nic.
377 2962 424 3012 loc.
435 2963 480 3012 cit.
492 2963 530 3012 Cf.
542 2965 571 3012 D.
587 2962 633 3011 Th.
649 2963 710 3012 hcl.
726 2965 756 3014 V.
773 2963 800 3012 L.
817 2965 847 3023 V,
861 2967 872 3023 ἓ
885 2978 916 3011 e:
933 2980 946 3008 ιι
959 2965 1013 3012 Ista
1028 2961 1268 3026 proportionalitas

230 3057 285 3093 non
300 3046 388 3107 potest
403 3057 461 3092 esse
477 3043 606 3093 continua
620 3044 683 3107 qnia
696 3058 728 3092 ex
744 3057 797 3092 una
812 3046 888 3107 parte
903 3046 967 3093 sunt
981 3057 1024 3092 ros
1039 3045 1065 3092 et
1080 3059 1112 3092 ex
1125 3043 1176 3091 alia
1191 3045 1267 3106 parte

229 3127 292 3174 sunt
312 3137 443 3188 personne.
462 3124 494 3172 Et
507 3124 543 3172 ita
558 3137 614 3173 non
628 3127 717 3187 potest
731 3124 818 3187 accipi
831 3124 933 3187 aliquid
949 3124 1026 3187 quasi
1044 3123 1175 3173 terminus
1191 3137 1268 3172 corn-

230 3203 328 3262 munis,
343 3217 402 3265 quae
416 3202 451 3252 sit
465 3215 582 3265 persona
604 3192 647 3252 cui
669 3203 756 3264 datur,
772 3206 799 3252 et
812 3217 856 3251 ros
871 3217 931 3265 quie
947 3202 1033 3252 datur.
1048 3221 1059 3246 »ι
1083 3202 1121 3251 Cf.
1137 3202 1266 3266 Fechner,

229 3299 270 3348 op.
285 3285 339 3345 cit,
356 3297 383 3346 p.
394 3285 432 3332 13.

258 3367 281 3414 2.
300 3365 399 3414 Gallice
413 3380 419 3411 z
435 3381 449 3411 ιι
461 3364 599 3414 relations.
615 3382 629 3412 ν
645 3366 691 3415 Vel
709 3366 731 3415 si
753 3366 843 3415 verbis
863 3364 1119 3428 jurisconsultorum
1139 3367 1265 3417 utamur:

227 3461 241 3490 ιι
252 3443 447 3508 obligations».
459 3444 598 3493 Nemeum
610 3444 731 3507 plerique
744 3445 905 3507 interpretes
917 3448 1100 3508 συναλλάγματα
1111 3459 1158 3509 per
1171 3463 1182 3494 ιι
1195 3460 1266 3494 eom-

229 3524 391 3573 mutationes
408 3541 422 3570 ιι
441 3524 480 3588 (V.
497 3525 527 3572 D.
543 3525 683 3574 Τ1ιοιιι.ιιι1
699 3524 725 3574 h.
741 3525 804 3586 loc.)
820 3525 861 3573 vel
877 3525 957 3574 etiam
970 3539 1018 3589 per
1029 3542 1042 3571 ιι
1057 3527 1238 3576 transactions
1251 3545 1265 3574 ι)

227 3604 394 3666 (Ravaisson.
410 3617 451 3667 op.
467 3603 522 3664 cii,
539 3619 564 3652 ν.
580 3605 600 3666 1,
617 3619 642 3668 p.
657 3607 712 3667 470)
726 3605 853 3666 reddunt,
868 3618 965 3668 corpus
975 3606 1110 3668 integrum
1124 3606 1193 3669 juris
1206 3619 1264 3655 cor·
1323 3591 1325 3595 ⁸

226 3684 321 3735 reclivi
336 3684 564 3748 comprehendere
580 3689 741 3748 nequeunt:
766 3686 895 3736 omittunt
915 3686 986 3735 enirn
1007 3690 1155 3738 retrodare
1179 3690 1249 3738 aulul

228 3768 351 3829 λάγματα.

257 3849 280 3896 3.
297 3845 359 3895 nto.
374 3847 428 3895 Nic.
445 3843 474 3894 Ε.
492 3848 515 3894 5.
533 3846 590 3895 1131
607 3860 623 3894 a
639 3848 691 3895 2-9.
715 3847 751 3896 Cf.
769 3849 888 3906 horeste,
911 3847 948 3896 La
967 3847 1071 3898 Scicncc
1089 3848 1125 3896 dc
1144 3848 1214 3898 droit
1233 3863 1262 3898 co

227 3927 312 3988 Grcce,
329 3941 355 3990 p.
373 3927 434 3974 208:
455 3927 517 3975 «Le
539 3925 698 3990 philosophe
713 3918 849 3991 distingue
871 3928 942 3977 deux
963 3930 1049 3977 sortes
1067 3929 1099 3978 de
1122 3929 1231 3992 justice,
1249 3929 1265 3978 d

231 4006 320 4055 savoir
334 4007 360 4056 la
371 4007 471 4071 justice
487 4005 652 4057 distributive
676 4007 722 4070 qui
741 4008 849 4072 preside
870 4007 925 4058 ala
945 4009 1115 4073 repertition,
1138 4010 1212 4073 egale
1235 4024 1270 4060 ou
