2948 5212
595 667 630 710 or
650 667 715 711 suun
735 667 870 712 urrunnu
1216 649 1252 711 35

212 792 362 850 damnum
377 791 459 851 cuim
481 795 561 867 quod
578 793 671 852 alicui
688 794 793 853 intulit
815 797 936 868 pensat,
962 811 1084 869 poenam
1102 811 1174 852 vero
1198 792 1255 853 luit

215 917 269 973 pro
295 899 480 976 indignitate
503 918 569 959 sua.
589 901 638 960 Sic
661 902 742 976 apud
763 901 956 960 Aristotelem
978 902 1030 977 jus
1052 902 1255 961 correctivum

215 1024 263 1064 res
279 1007 359 1064 male
380 1010 517 1066 mutatas
538 1008 682 1079 restituit,
702 1008 754 1082 jus
772 1026 843 1067 vero
865 1007 1096 1068 distributivum
1112 1008 1255 1085 indignos

215 1113 359 1174 homines
375 1115 516 1191 castigat.
538 1132 541 1138 ·

718 1440 759 1498 lll
787 1483 790 1489 .

258 1653 330 1725 Qua
348 1671 418 1712 cum
433 1652 475 1712 ita
502 1653 576 1726 sint,
594 1653 757 1713 tertiamnc
780 1653 908 1728 justitiae
926 1653 1059 1727 speciem
1078 1653 1257 1714 Aristoteles
1317 1707 1321 1712 ,

217 1778 386 1836 agnoscere
403 1760 528 1836 potuit?

259 1868 324 1925 Hoc
338 1866 478 1926 nonnulli
495 1868 633 1926 creduut.
652 1869 726 1928 Cum
742 1868 824 1926 enim
836 1867 1015 1927 Aristoteles
1037 1868 1209 1948 scripserit:
1227 1867 1258 1927 τὸ

217 1971 437 2040 δ’ἀντιπεπανθὸς
456 1971 503 2034 οὐκ
518 1973 675 2056 ἐφαρμόττει
689 1973 752 2034 οὔτ’
767 1975 810 2034 ἐπὶ
833 1973 864 2034 τὸ
880 1973 1061 2054 διανεμητικὸν
1080 1974 1178 2034 δίκαιον
1197 1972 1258 2034 οὔτ’

219 2084 261 2139 ἐπὶ
285 2081 315 2140 τὸ
338 2079 537 2162 διορθωτικόνί,
565 2081 706 2142 Michclet
729 2087 760 2141 et
785 2083 973 2142 111111111111112
988 2083 1071 2143 hunc
1097 2081 1199 2141 locum
1214 2082 1258 2141 sic

218 2188 448 2264 explicaverunt
473 2192 518 2262 ut,
547 2193 655 2265 praeter
669 2189 721 2264 jus
738 2189 969 2248 distributivum
993 2194 1024 2248 et
1037 2189 1089 2264 jus
1114 2189 1258 2248 correcti-

219 2314 303 2368 vum,
320 2296 444 2355 tertiam
465 2296 545 2371 juris
571 2297 705 2372 speciem
717 2295 748 2355 τὸ
770 2293 958 2364 ἀντιπεπονθός
977 2297 1134 2355 adderent.
1152 2298 1258 2355 Nonne

218 2400 397 2462 Aristoteles
411 2403 545 2462 ostendit
558 2404 698 2463 homines
711 2405 770 2463 hoc
785 2405 875 2463 tertio
886 2403 1014 2477 justitiae
1029 2420 1143 2481 genere
1155 2403 1258 2477 saepis-

219 2507 295 2568 sitne
311 2509 379 2568 uli?
402 2513 426 2570 ἐν
451 2513 509 2577 ταῖς
528 2516 673 2578 κοινωνίαις
698 2513 756 2578 ταῖς
779 2507 950 2577 αἰλ).ακτικαῖς
970 2508 1070 2592 συνέχει
1090 2509 1121 2569 τὸ
1141 2519 1260 2568 τοιοῦτον

218 2616 319 2676 δίκαιον
341 2614 373 2675 τὸ
396 2613 593 2686 αἰντιπεπονθός,
617 2619 686 2676 κατὰ
712 2614 854 2698 ἀναλογίαν
875 2624 919 2676 καὶ
939 2616 978 2696 μὴ
996 2613 1062 2676 κατ’
1076 2613 1198 2688 ἰσότητα.
1220 2618 1259 2696 τῷ

219 2721 360 2783 αἰντιποιεῒν
382 2721 432 2804 γᾶρ
450 2721 577 2797 ἀνάλογον
601 2722 724 2804 συμμένει
743 2728 760 2803 ἢ
784 2722 859 2791 πόλις
871 2726 891 2784 ³.
916 2747 931 2779 α
949 2723 1140 2796 Videbimus,
1160 2722 1260 2798 inquit

219 2831 374 2904 Miclrelet,
392 2832 443 2906 jus
458 2831 582 2891 talionis
594 2850 648 2891 seu
658 2833 779 2907 Justum
795 2831 1061 2903 commutativum,
1075 2831 1105 2889 in
1121 2847 1260 2888 commu-

217 2938 323 2996 tandis
351 2939 629 3014 contrahendisque
657 2940 749 2999 rebus
767 2943 957 3014 usurpatum,
975 2954 1075 3013 neque
1095 2935 1260 3014 geometri-

218 3063 288 3123 cam
303 3046 530 3120 proportionem
545 3021 731 3120 disjunctam
743 3046 820 3121 justi
835 3045 1033 3117 distributim,
1048 3061 1147 3119 neque
1164 3043 1260 3102 arith-

220 3152 368 3211 meticam
386 3153 614 3234 proportionem
636 3153 845 3212 continentem
863 3152 940 3227 justi
956 3150 1114 3210 correctivi
1136 3151 1259 3221 reterre,

219 3258 274 3317 sed
283 3258 435 3333 propriam
448 3260 613 3334 quamdam
623 3260 851 3336 proportionem
861 3258 1041 3318 voluntariis
1053 3257 1262 3317 contractibus

253 3544 275 3589 1.
294 3541 356 3592 ΕιΙι.
372 3543 427 3591 Nic.
443 3544 471 3592 E.
488 3546 510 3592 8.
524 3544 662 3593 11311123.
771 3584 779 3590 ,

252 3623 275 3668 2.
296 3623 325 3672 V.
346 3622 425 3671 etiam
440 3623 668 3688 Trcndelenburg,
684 3625 751 3673 Hist.
765 3625 855 3685 Baitia,
872 3638 897 3671 v.
908 3621 955 3680 Ill,
968 3635 994 3685 p.
1012 3621 1133 3680 101-1118ς
1145 3617 1264 3669 Jaoksou

219 3701 287 3762 (Nic.
300 3701 331 3750 V.
342 3702 383 3750 ed.
398 3702 431 3757 J..
440 3716 467 3766 p.
477 3705 579 3763 86-92t3
597 3703 719 3764 Stewert,
731 3706 808 3754 Notos
816 3718 849 3753 on
861 3703 904 3753 tlte
913 3703 968 3751 Nic.
980 3702 1051 3765 t'tt,
1063 3700 1117 3751 vol.
1127 3701 1146 3761 l,
1161 3714 1187 3764 p.
1200 3701 1262 3759 119;
1364 3733 1368 3743 .

221 3781 417 3844 Hildenhrand,
427 3796 468 3846 op.
479 3783 534 3845 cit,
549 3797 574 3846 p.
587 3785 629 3832 291
641 3800 647 3830 :
657 3801 671 3830 α
684 3784 788 3833 Anders
796 3784 835 3834 als
847 3785 873 3832 iu
887 3783 938 3833 don
949 3783 1046 3846 obigen
1058 3782 1149 3831 Fiillen
1160 3779 1265 3828 verhtlt

222 3862 280 3911 sicli
292 3863 336 3912 die
350 3863 434 3913 Seche
445 3862 542 3927 jedoclr
557 3863 601 3913 bei
616 3864 668 3914 den
685 3864 942 3929 rausohveruogen.
959 3863 1004 3912 Boi
1028 3861 1119 3912 diesen
1129 3874 1204 3910 muss
1217 3860 1265 3909 das

223 3942 442 4008 Talionsprincip
457 3957 503 3993 zur
519 3944 699 4008 Anwendung
715 3944 854 3994 kommcu.
871 3960 883 3990 ν

258 4025 281 4072 3.
299 4021 361 4072 ult.
375 4024 432 4073 Nic.
449 4025 477 4073 E.
496 4025 519 4072 8.
536 4023 678 4081 11311131.
