2948 5212
253 693 288 733 DE
308 691 454 734 DIGNITATE
474 693 507 734 ET
528 693 722 742 inmunitate:
747 694 782 734 DE
802 694 921 736 Pumilus
944 696 975 736 ΕΓ
996 695 1091 736 POENIS
1152 677 1189 735 55

150 817 225 875 tatis
241 834 335 875 eausa
352 836 452 893 neque
469 817 636 877 materialis
653 836 753 893 neque
777 818 912 878 formalis
931 838 1030 895 neque
1053 820 1190 879 efficiens

151 941 251 998 neque
266 924 368 982 finalis
381 943 446 1000 qna
462 925 574 984 mutari
592 929 736 1000 nequeat.
752 926 839 985 Vires
862 930 893 985 ot
907 927 1019 985 divitia]
1034 931 1100 985 tum
1115 926 1189 984 defi-

151 1030 248 1103 ciunt,
266 1033 331 1089 tum
347 1032 521 1104 abundant;
539 1032 714 1091 intellectus
729 1036 832 1092 autem
845 1035 1013 1106 tumlruno,
1030 1032 1191 1092 tumidum

151 1137 246 1196 finem
272 1138 373 1215 eligit;
401 1140 543 1198 omnibus
568 1139 631 1198 suis
647 1140 736 1198 bonis
765 1141 905 1200 homines
927 1144 992 1199 tum
1019 1144 1100 1199 recte
1124 1145 1190 1199 tum

152 1245 285 1320 pessime
307 1248 447 1305 utuntur.
465 1246 655 1323 Dignitatem
678 1246 774 1324 igitur
794 1251 858 1306 tum
886 1266 999 1307 novam
1012 1251 1192 1323 comparant

151 1353 217 1409 tum
232 1350 363 1426 priorem
380 1352 536 1411 amittunt.

193 1457 342 1532 Denique,
362 1476 398 1517 ex
413 1458 668 1517 antecedentibus
685 1458 772 1518 facile
788 1459 942 1522 cernimus
957 1459 1028 1534 quid
1044 1460 1081 1517 de
1092 1458 1192 1536 gradi-

152 1564 211 1623 bus
225 1564 419 1641 indignitatis
436 1565 614 1625 Aristoteles
641 1566 782 1625 senserit.
802 1568 879 1626 Nam
903 1567 928 1625 si
947 1565 1016 1642 quis
1032 1584 1066 1625 ex
1087 1566 1192 1625 ordine

153 1688 209 1730 suo
224 1672 324 1744 eadat,
344 1692 405 1747 quo
430 1673 566 1732 ornatior
585 1673 642 1730 suit
660 1691 695 1731 eo
711 1673 814 1747 pejore
840 1674 1022 1751 indignitate
1045 1677 1190 1732 notatur:

156 1778 279 1837 κάκιστον
302 1777 352 1859 γὰρ
368 1777 400 1837 τὸ
426 1780 545 1837 ἐναντίον
569 1790 607 1858 τῷ
629 1779 787 1858 βελτίστῳί.
814 1780 879 1850 Quo
907 1779 1025 1838 facilius
1048 1779 1193 1837 virtutem

154 1883 253 1943 colere
267 1884 429 1959 potuisset,
447 1903 483 1944 eo
500 1885 600 1943 minus
616 1884 697 1943 valet
717 1885 744 1943 is
764 1886 815 1960 qui
832 1885 977 1944 virtutem
994 1885 1189 1977 contempsit.

155 1989 244 2048 Pravi
262 1994 333 2049 sunt
344 1991 423 2049 servi
436 1990 488 2065 qui
500 1990 710 2065 voluptatibus
725 1994 848 2050 tantum
858 1991 1020 2067 indulgent
1030 1995 1065 2049 ut
1077 1991 1194 2050 anima-

134 2085 230 2155 siium
245 2097 341 2156 vitam
360 2097 459 2157 vivere
470 2098 642 2168 videantur,
662 2097 716 2156 sed
732 2115 837 2156 servus
849 2116 918 2156 oum
932 2097 1043 2156 cecidit
1054 2115 1090 2156 ex
1103 2097 1193 2156 astris

154 2221 217 2261 non
234 2203 359 2262 cecidit:
377 2204 481 2279 itaque
497 2204 656 2278 praviores·
668 2207 741 2261 sunt
756 2203 882 2280 ingenui
895 2204 951 2262 viri
961 2204 1014 2278 qui
1026 2204 1192 2262 bestiarum

156 2327 256 2368 mores
272 2313 436 2384 oeperunt:
452 2328 582 2385 quornm
593 2327 628 2368 ea
644 2312 689 2368 est
700 2309 869 2386 indignitas
885 2315 919 2369 ut
932 2310 990 2369 rari
1005 2310 1097 2368 etiam
1113 2310 1194 2377 inter

157 2415 307 2474 Barbaros
329 2415 537 2490 reperiantur3
560 2434 659 2490 neque
684 2415 779 2474 Graeoi
800 2416 980 2475 animalium
1002 2416 1096 2474 vitam
1124 2415 1193 2472 imi-

155 2523 260 2580 tantur
276 2521 336 2579 nisi
360 2521 475 2581 morbis
501 2523 815 2600 affligant11r2.P1·avi
838 2526 910 2582 sunt
925 2521 1048 2598 ingenui
1069 2521 1122 2579 viri
1142 2521 1193 2595 qui

157 2627 299 2685 servilem
316 2627 411 2686 vitam
429 2627 616 2704 elegerunt³‚
641 2631 695 2688 sed
708 2629 864 2704 praviores
883 2628 909 2686 si
931 2646 966 2687 ex
984 2627 1079 2686 nobiti
1098 2627 1192 2701 stirpe

156 2733 215 2793 orti
230 2735 302 2794 sint.
324 2735 363 2794 Ut
378 2734 521 2793 omnibus
543 2737 759 2811 anteponimus
777 2737 859 2794 hunc
880 2735 978 2794 virum
994 2735 1046 2810 qui
1072 2752 1108 2792 ea
1125 2752 1192 2809 quae

156 2841 295 2901 facienda
313 2845 385 2901 sunt
403 2860 503 2917 neque
525 2843 595 2902 satis
622 2842 773 2919 impulsus
801 2861 900 2919 neque
922 2860 1023 2901 errore
1046 2843 1193 2916 deeeptus

157 2948 211 3006 sed
225 2947 325 3007 soiens
341 2947 508 3024 volensque
522 2949 627 3022 efficit,
644 2949 687 3008 ita
702 2948 788 3008 illum
803 2949 855 3024 qui
870 2949 970 3008 sciens
989 2951 1020 3006 et
1036 2948 1141 3006 volens
1157 2931 1193 3005 ea

156 3074 223 3132 quae
238 3033 362 3115 vitanda
375 3059 447 3115 sunt
462 3057 556 3115 efficit
571 3057 713 3116 omnibus
727 3057 959 3133 postponimus:
981 3055 1068 3135 ὥσπερ
1090 3056 1194 3133 γὰρκαὶ

190 3297 211 3343 1.
229 3294 290 3343 mh.
307 3296 363 3343 Nic.
375 3300 403 3346 Θ.
422 3296 460 3343 12.
477 3296 569 3344 rioth
585 3298 608 3344 9.

188 3378 210 3424 2.
229 3373 290 3424 Edi.
305 3377 361 3424 Nic.
378 3377 409 3424 11.
423 3377 445 3424 1.
463 3378 604 3424 11111119.

188 3458 211 3503 3.
229 3455 289 3503 uit.
303 3455 359 3503 Nic.
377 3457 407 3503 Α.
419 3457 442 3503 3.
459 3457 518 3503 1095
534 3455 550 3503 b
567 3458 603 3504 19.
630 3455 705 3504 iiuno
729 3457 816 3504 locum
833 3455 854 3502 si
880 3455 912 3503 ad
930 3454 1039 3502 verbum
1057 3454 1192 3517 intelligo-

154 3549 257 3595 remus,
273 3536 431 3584 Aristoteles
444 3549 534 3583 seeum
549 3548 668 3599 pugnare
681 3535 816 3583 videretur
828 3549 833 3582 :
849 3548 910 3584 narn
926 3534 1000 3583 1ιίοηὶ
1011 3541 1053 3598 μὲν
1064 3533 1102 3584 οὖν
1112 3538 1194 3584 πολλοὶ

154 3619 274 3674 παντελῶς
287 3616 478 3682 ἀνδραποδώδεις
488 3623 621 3681 φαίνονται
638 3620 790 3682 βοσκημάτων
807 3620 856 3680 βίον
871 3619 1067 3681 προαιρούμενοι,
1080 3615 1134 3664 ittio
1154 3616 1197 3677 (H.

155 3697 179 3744 1.
196 3697 254 3743 1115
272 3709 287 3743 a
302 3696 341 3756 23>
359 3700 370 3746 ὁ
385 3696 500 3762 θηριώδης
517 3702 621 3754 σπάνιος.
645 3695 691 3746 Vel
711 3695 872 3744 alterutrum
893 3695 981 3744 iocum
997 3696 1132 3759 suspicari
1153 3695 1193 3744 vel

154 3775 270 3824 alterurn
290 3775 328 3824 sic
350 3775 520 3840 interpretari
545 3776 676 3824 debemus
694 3788 699 3822 :
719 3778 739 3824 οἱ
761 3778 842 3824 πολλοὶ
861 3778 980 3833 παντελῶς
1002 3763 1195 3841 ἀνδραποδώδεις

155 3866 278 3921 φαίνονται
290 3863 464 3922 φορτικώτατον
481 3856 517 3918 (v.
532 3858 570 3916 16)
589 3855 629 3903 vei
645 3854 736 3918 potius
753 3857 925 3919 ἀπολαυστικόν
938 3857 973 3915 (v.
987 3856 1026 3915 17)
1044 3860 1092 3920 βιόν
1105 3874 1196 3921 προαι-

155 3941 282 4003 paupe-ior:
299 3936 342 3985 hie
356 3936 455 3999 gradus
468 3937 539 3985 onim
548 3949 601 3985 nou
620 3940 741 4001 θηριότητι
757 3934 803 3984 sed
820 3939 924 4002 ἀκρασίᾳ
939 3935 1092 3999 respondet.
1109 3935 1147 3984 (11.
1165 3937 1196 3984 11.

157 4020 180 4065 1.
199 4018 284 4066 nita
303 4019 330 4066 18
346 4030 405 4080 sqq.
