2948 5212
618 678 768 721 conccusro
1173 662 1210 722 69

172 800 397 861 termittamus:
416 801 538 862 etiamsi
548 803 703 877 justitiam
727 821 743 863 e
764 805 896 880 quodam
912 805 1063 881 principio
1080 828 1095 860 ν
1114 806 1209 864 dedn-

173 924 242 966 ccre
259 930 273 960 ν
291 906 441 980 volumus,
459 925 515 967 nos
529 926 592 967 non
608 910 686 986 sugit
702 911 949 985 «experientiam
968 901 1212 971 »adserendam

169 1015 248 1089 juris
267 1017 507 1090 promovendam
525 1017 731 1076 necessariam
748 1036 832 1077 esse:
856 1020 933 1094 qnod
957 1019 1136 1079 Aristoteles
1152 1037 1208 1078 nos

172 1121 288 1181 docuit.
586 1101 587 1105 Ἰ

212 1228 289 1298 Quia
308 1230 386 1288 hanc
399 1229 593 1305 disciplinam
610 1232 646 1289 ad
664 1231 804 1289 Ethicam
817 1232 1039 1291 instituendam
1055 1232 1205 1302 adhibuit,
1252 1250 1255 1259 ’

171 1334 239 1393 ideo
267 1336 446 1395 Aristoteles
480 1337 619 1395 Ethicam
648 1356 701 1412 pro
735 1338 865 1397 scientia
892 1339 1019 1397 habuit:
1044 1342 1077 1396 ut
1107 1339 1207 1397 verbis

170 1442 376 1500 recentiorum
393 1442 642 1518 philosophorum
657 1447 791 1516 utamur,
809 1444 909 1504 dicere
927 1462 1088 1520 possumus
1103 1463 1159 1504 nos
1175 1445 1206 1503 in

170 1546 255 1606 tibris
282 1547 455 1607 Aristotelis
483 1572 498 1603 ‹<
526 1548 608 1625 leges
644 1573 658 1604 ν
690 1552 848 1626 cujusdam
883 1551 1029 1622 scientia,
1064 1552 1205 1610 sednon

171 1676 186 1708 (ν
212 1659 362 1730 praecepta
388 1677 402 1708 ν
435 1657 596 1730 cujusdam
627 1657 701 1715 artis
735 1658 884 1716 invenire.
914 1657 1093 1716 Aristoteles
1123 1659 1205 1716 enim

169 1765 339 1820 memorat:
355 1783 370 1815 «
387 1780 405 1819 a
423 1761 589 1836 cupiditate
615 1762 810 1837 iniquitatem
825 1764 896 1822 oriri
916 1781 951 1836 »3
974 1786 988 1817 c
1005 1765 1087 1822 hunc
1109 1763 1205 1838 injus-

168 1871 233 1926 tum
256 1885 323 1927 esse
347 1868 399 1943 qni
422 1868 471 1947 τὴν
502 1868 647 1938 πλεονεξίαν
676 1888 817 1930 coercere
848 1871 967 1931 nesciat
997 1873 1100 1942 »3sed
1131 1889 1205 1929 nus-

167 1993 259 2050 quam
272 1975 403 2050 imperat
422 1994 428 2034 :
450 1999 465 2030 «
494 1975 556 2034 noli
584 1977 711 2052 cupidus
730 1996 796 2036 esse
813 2001 828 2032 ν
859 1982 912 2037 aut
942 2000 956 2031 <‹
985 1976 1034 2055 τὴν
1055 1975 1203 2046 πλεονεξίαν

167 2098 306 2140 coercere
323 2085 443 2157 oportet
459 2105 486 2139 ν.
505 2083 735 2143 —Aristoteles
752 2085 803 2159 jus
825 2103 843 2142 a
866 2084 1013 2160 religione
1041 2084 1200 2159 disjunxit,

168 2187 306 2246 Ethicam
322 2188 518 2263 experientiis
532 2189 662 2248 munivit
676 2192 706 2248 et
724 2191 764 2278 ita
780 2190 914 2250 instituit
929 2194 962 2249 ut
977 2207 1086 2248 causas
1105 2193 1136 2248 et
1157 2192 1201 2248 ei-

166 2297 263 2354 sectns
275 2296 430 2354 actionum
442 2296 647 2355 humanarum
658 2300 798 2357 referret:
812 2299 1011 2373 quamobrem
1023 2298 1201 2373 scripsimus

164 2404 359 2462 Aristotelem
377 2427 391 2457 ν(
411 2405 589 2463 methodum
605 2405 806 2465 scientifioam
821 2429 835 2460 ν
855 2405 967 2465 Ethicae
985 2405 1173 2464 adhibuisse.

205 2511 274 2568 Hac
292 2511 328 2568 de
344 2511 393 2569 via
411 2529 476 2585 quae
492 2511 528 2570 ad
552 2512 685 2570 ethicam
712 2512 872 2571 veritatem
891 2512 996 2571 ducit:
1026 2530 1101 2587 quas
1128 2530 1199 2571 vcro

163 2617 281 2676 ethicas
299 2617 443 2676 veritates
464 2617 643 2677 Aristoteles
670 2618 734 2694 ipsc
756 2619 896 2677 invenit?
923 2619 1008 2691 Quod
1034 2619 1065 2676 in
1090 2618 1199 2678 ethicis

162 2727 321 2792 aetcrnum,
334 2725 413 2798 quod
427 2723 573 2782 mutabile
588 2729 634 2783 est
646 2724 827 2784 Aristoteles
839 2725 881 2784 ita
894 2724 1048 2800 separavit
1060 2728 1094 2783 ut
1105 2724 1199 2783 etiam

161 2847 243 2887 nnnc
259 2830 410 2888 diversam
437 2831 624 2903 sententiam
649 2831 800 2888 immerito
833 2849 1041 2905 sequeremur.
1061 2830 1125 2888 Hoc
1153 2834 1199 2889 est

158 2935 307 2993 mutabiie
323 2935 404 3010 quod
419 2936 457 2993 ad
472 2936 655 3012 dignitatem
672 2940 702 2994 et
719 2937 935 3012 indignitatem
955 2937 1114 2994 hominnm
1131 2954 1198 3011 per-

160 3041 249 3099 tinet.
280 3041 427 3099 Eumdern
456 3040 555 3098 virum
584 3040 635 3099 aiii
654 3042 781 3118 dignum
799 3042 937 3117 imperio,
955 3042 1007 3100 alii
1035 3041 1197 3118 indignum

160 3165 228 3206 esse
246 3148 435 3207 existimant.
455 3150 682 3224 Nequeiisdem
702 3149 773 3208 viris
789 3152 895 3208 eadem
923 3149 1058 3226 dignitas
1077 3167 1198 3224 semper

160 3260 288 3314 manet:
315 3257 395 3331 qnod
425 3257 450 3313 si
476 3257 605 3333 Epicteti
632 3257 823 3332 temporibus
851 3257 978 3317 vixisset
1003 3256 1195 3326 Aristoteles,

160 3363 289 3421 sortasse
314 3363 487 3439 scripsisset
513 3365 631 3423 nullum
656 3382 723 3423 esse
746 3364 976 3440 hominem'qui
998 3364 1138 3423 libertate
1158 3364 1198 3423 sit

157 3470 314 3547 indignus.
335 3472 371 3529 Et
388 3471 571 3548 dignitatem
586 3475 723 3530 nostram
739 3475 769 3529 et
783 3471 934 3531 rationem
947 3490 1006 3546 qna
1023 3474 1102 3530 hanc
1117 3472 1198 3530 aesti-

156 3595 277 3637 mamus
291 3578 425 3654 quotidie
441 3583 607 3638 mutamus.
622 3581 729 3654 ltaque
744 3597 814 3638 cum
823 3579 943 3654 justitia
959 3581 997 3638 ad
1013 3579 1197 3654 dignitatem

156 3688 283 3761 spectet,
299 3687 405 3745 eadem
421 3705 544 3745 manere
563 3687 692 3746 scientia
703 3687 782 3761 juris
796 3705 857 3744 non
871 3687 971 3763 debet.

195 3792 251 3851 Sed
265 3791 340 3851 illud
356 3796 402 3852 est
413 3796 559 3852 aeternnm
569 3794 650 3869 quod
662 3793 752 3868 jubet
765 3793 941 3852 communia
955 3793 1035 3852 inter
1050 3793 1193 3853 homines

155 3916 208 3973 pro
226 3899 376 3976 dignitate
392 3900 541 3975 cujusque
556 3900 660 3957 dividi.
682 3899 741 3974 lpsi
760 3898 932 3976 philosophi
948 3900 1000 3975 qui
1018 3901 1089 3959 hnic
1102 3900 1196 3975 justi-

152 4003 203 4064 tiae
230 4006 401 4065 definitioni
425 4024 596 4083 repugnare
615 4007 742 4065 credunt
768 4005 893 4086 (jubent
920 4007 1002 4066 enim
1020 4008 1196 4066 communia

1028 4132 1054 4183 5.
