2948 5212
219 641 255 703 ld
497 659 531 700 on
553 659 672 702 msrmn
696 660 766 701 arun
789 658 976 702 narsrormau

218 785 277 845 Sed
292 786 340 845 his
352 784 499 861 exenrplis
515 784 696 844 Aristoteles
712 784 771 843 alia
796 803 917 860 quoque
944 786 1076 846 addidit:
1096 805 1168 846 nam
1187 806 1260 846 cum

216 890 300 969 leges
322 881 408 972 (sive
419 891 451 951 τὸ
466 890 570 971 νομικόν
586 890 701 970 δίκαιον)
717 910 804 951 sacra
820 892 969 967 cujusque
988 893 1122 953 civitatis
1134 895 1259 970 propria

216 999 416 1073 constituunt,
433 1000 485 1074 jus
516 999 656 1058 naturale
673 997 720 1078 (τὸ
738 997 842 1080 φυσικὸν
860 998 972 1079 δίκαιον)
987 1002 1060 1059 deos
1079 1001 1137 1059 coli
1150 1001 1255 1075 jubet.

215 1138 254 1151 -
279 1108 317 1164 ht
340 1106 425 1165 illam
448 1107 625 1165 universam
646 1106 747 1182 legem
767 1110 877 1165 natura
895 1106 990 1166 latam
1010 1125 1077 1166 esse
1093 1107 1256 1182 sophistae¹

216 1216 332 1289 negant
349 1231 429 1289 :per
444 1212 597 1272 naturalia
613 1212 697 1272 enim
724 1231 759 1271 ea
778 1212 980 1289 intelligimus
1002 1233 1067 1289 quac
1089 1232 1211 1288 semper
1228 1217 1259 1273 et

217 1319 331 1394 ubique
361 1321 469 1379 eadem
496 1323 622 1379 manent
643 1336 649 1379 :
670 1320 751 1396 ignis
781 1323 891 1379 natura
919 1320 980 1378 urit
1005 1321 1076 1394 quia
1109 1324 1144 1378 ut
1175 1322 1258 1396 apud

216 1426 420 1486 Athenienses
444 1428 488 1486 sic
515 1427 596 1502 apud
612 1428 721 1485 Persas
737 1425 822 1498 urit;
849 1428 903 1485 sed
935 1426 1008 1502 qnid
1035 1427 1116 1501 apud
1146 1428 1257 1485 Persas

217 1552 279 1595 non
295 1515 388 1595 aliter
408 1537 500 1609 atque
523 1535 603 1608 apud
624 1533 828 1592 Athenienses
852 1533 922 1607 jure
944 1537 1067 1592 vetatur
1095 1532 1141 1592 vel
1162 1533 1265 1607 jube-·

216 1642 305 1701 tur'2‘?
320 1674 355 1685 —
371 1643 548 1716 Respondet
561 1639 739 1699 Aristoteles
752 1641 831 1699 inter
844 1658 880 1698 ea
896 1659 961 1716 quae
977 1639 1129 1699 naturalia
1143 1658 1258 1699 vocan-

217 1754 267 1808 tur
290 1747 441 1806 nonnulla
468 1764 535 1807 esse
565 1746 753 1807 mutabilia:
781 1751 891 1805 natura
923 1747 1005 1805 enim
1023 1749 1127 1806 dextra
1145 1765 1257 1805 manus

216 1855 368 1914 valentior
383 1858 429 1913 est
447 1854 571 1912 sinistra
589 1855 693 1929 :atqui
709 1853 831 1913 evenire
853 1858 954 1928 potest
969 1858 1001 1911 ut
1017 1853 1112 1929 aliqui
1129 1853 1257 1913 sinistra

216 1963 342 2038 perinde
380 1979 415 2019 ac
448 1962 553 2019 dextra
585 1961 742 2019 utantur³.
768 1961 924 2019 Naturalia
956 1964 1029 2019 sunt
1062 1979 1124 2019 non
1156 1959 1257 2018 solum

218 2086 283 2143 qum
314 2084 435 2142 semper
463 2069 516 2126 sed
547 2067 641 2125 etiam
671 2086 737 2142 quae
770 2066 949 2142 plerumque
979 2068 1089 2132 fiunt²¹
1110 2067 1197 2137 Quod
1228 2067 1255 2124 si

215 2175 310 2251 igitur
337 2173 473 2249 plerique
499 2172 638 2233 homines
667 2173 781 2248 aliquid
794 2173 897 2248 juberi
917 2172 963 2231 vel
978 2172 1076 2231 vetari
1092 2177 1253 2246 censeant,

216 2282 245 2340 id
268 2282 336 2356 jure
358 2280 491 2339 naturali
512 2280 639 2354 jubetur
663 2279 711 2339 vel
738 2283 868 2339 vetatur.
893 2313 929 2322 -
957 2279 1006 2338 Sic
1038 2277 1089 2359 (ut
1118 2278 1257 2338 breviter

215 2388 329 2446 omnia
346 2385 655 2466 comprehendamus)
682 2387 720 2445 ad
738 2386 823 2463 leges
850 2387 1027 2445 condendas
1052 2385 1099 2444 vel
1124 2385 1161 2443 ad
1179 2385 1257 2444 vitia

215 2493 320 2571 legum
348 2495 539 2553 emendanda
561 2493 610 2552 vel
626 2493 772 2552 etiamad
790 2493 872 2551 vices
887 2493 991 2570 legum
1005 2491 1171 2567 explendas
1182 2491 1256 2565 jure

215 2600 348 2659 naturali
364 2618 440 2676 opus
455 2617 522 2658 esse
537 2600 716 2659 Aristoteles
733 2599 901 2659 existimat.

253 2707 331 2778 Quid
344 2725 414 2766 vero
428 2711 639 2782 pernaturam
653 2707 702 2766 vel
720 2707 771 2783 jus
791 2706 930 2765 naturale
952 2705 1131 2765 Aristoteles
1156 2704 1253 2764 intel-

213 2813 312 2873 lexit?
328 2817 434 2873 Nonne
451 2817 561 2872 natura
583 2813 635 2872 illa
666 2832 732 2889 quae
739 2813 791 2888 jus
811 2813 946 2873 instituit
970 2813 1024 2872 Dei
1050 2816 1096 2872 est
1113 2813 1256 2871 natura?

215 2920 360 2980 Nonnulli
376 2921 471 2991 enim,
490 2938 561 2979 eum
582 2919 612 2978 E
616 2918 698 2978 thien
718 2917 928 2978 Nicomachea
938 2919 1115 2994 explanant,
1135 2918 1255 2978 Aristo-

216 3027 309 3087 telem
335 3045 352 3086 a
381 3029 443 3087 Deo
471 3027 523 3102 jus
552 3028 692 3086 naturale
722 3027 900 3086 exhausisse
928 3027 1071 3085 dicuntf'.
1100 3024 1254 3098 Michelet‚

244 3283 267 3330 l.
285 3282 341 3343 Vel,
358 3282 380 3331 si
395 3283 425 3331 D.
441 3283 535 3332 Thom.
550 3281 647 3344 Aquin.
664 3281 767 3344 credas,
783 3281 917 3344 cyrenaici
936 3279 1005 3343 (Etis.
1029 3281 1084 3328 Nic.
1108 3280 1138 3329 V.
1162 3280 1255 3329 Lectio

213 3361 293 3423 Xll‚§
308 3363 345 3423 d).
1179 3349 1189 3355 ”

244 3444 267 3490 2.
283 3441 344 3491 Eth.
361 3443 417 3491 Nic.
430 3443 458 3491 E.
479 3445 516 3491 10.
534 3445 593 3492 1131
609 3443 626 3491 b
640 3445 678 3492 24.

245 3523 266 3570 3.
282 3522 359 3584 llud„
376 3525 414 3572 34.

246 3605 266 3650 1.
286 3601 407 3651 lechner
417 3606 508 3652 tamen
519 3603 681 3653 sententiam
694 3602 844 3653 Aristotelis
854 3604 958 3651 mutare
971 3602 1077 3649 videtur
1087 3613 1148 3649 cum
1160 3600 1256 3649 scribit

213 3695 299 3730 unum
321 3685 347 3730 et
370 3682 440 3731 idem
461 3698 519 3732 esse
542 3701 555 3729 «
570 3684 730 3732 Naturrecht
746 3700 757 3728 p
774 3685 801 3732 et
816 3700 829 3728 u
840 3681 1107 3730 Gcwohnhcitsrecht
1118 3698 1131 3726 »
1162 3678 1256 3740 (Uebcr

214 3761 265 3811 den
283 3762 586 3827 Gerechttplrettsbepriff
599 3763 644 3812 des
659 3764 715 3822 Ar„
730 3778 757 3827 p.
773 3764 822 3824 48).
839 3764 905 3812 Nam
922 3776 981 3811 cum
1001 3763 1045 3823 jus
1060 3763 1164 3809 naturae
1182 3774 1255 3808 com·

211 3856 293 3891 mune
310 3843 344 3891 sit
355 3843 446 3892 multis
460 3843 622 3905 civitatibus,
632 3846 676 3906 jus
690 3843 893 3892 consuetudinis
904 3842 1044 3906 proprium
1056 3843 1097 3890 est
1108 3842 1253 3902 cujusque.

243 3925 265 3971 5.
285 3923 315 3971 V.
332 3937 372 3971 ex.
389 3937 446 3985 gu:
462 3924 490 3971 T.
509 3923 640 3984 Labriola‚
657 3923 789 3972 Rcoistona
808 3923 900 3971 critica
914 3921 982 3970 delle
994 3922 1040 3986 pto
1060 3921 1158 3968 recenti
1173 3920 1255 3968 teorz'e

210 4017 242 4052 su
261 4001 285 4051 le
301 4003 394 4066 orr'pini
409 4003 453 4052 del
472 4003 562 4053 dae'ritto
585 4004 688 4066 (Roma,
714 4006 793 4067 1901),
813 4018 840 4068 ρ.
857 4005 905 4052 3οι
926 4002 1072 4063 «Socrate,
1093 4001 1203 4050 Platone
1218 3999 1253 4048 ed
