<?xml version="1.0" encoding="UTF-8"?>
<!DOCTYPE html PUBLIC "-//W3C//DTD XHTML 1.0 Transitional//EN"
    "http://www.w3.org/TR/xhtml1/DTD/xhtml1-transitional.dtd">
<html xmlns="http://www.w3.org/1999/xhtml" xml:lang="en" lang="en">
 <head>
  <title>
</title>
<meta http-equiv="Content-Type" content="text/html;charset=utf-8" />
  <meta name='ocr-system' content='tesseract 3.04.00' />
  <meta name='ocr-capabilities' content='ocr_page ocr_carea ocr_par ocr_line ocrx_word'/>
</head>
<body>
  <div class='ocr_page' id='page_1' title='image "./dejustitiaapuda00lapigoog_0077.png"; bbox 0 0 2948 5212; ppageno 0'>
   <div class='ocr_carea' id='block_1_1' title="bbox 214 572 971 636">
    <p class='ocr_par' dir='ltr' id='par_1_1' title="bbox 214 572 971 636">
     <span class='ocr_line' id='line_1_1' title="bbox 214 572 971 636; baseline -0.003 0"><span class='ocrx_word' id='word_1_1' title='bbox 214 575 252 636; x_wconf 75' lang='grc'><strong>(12</strong></span> <span class='ocrx_word' id='word_1_2' title='bbox 494 593 529 634; x_wconf 84' lang='lat' dir='ltr'><strong>nr</strong></span> <span class='ocrx_word' id='word_1_3' title='bbox 550 593 669 635; x_wconf 83' lang='lat' dir='ltr'><strong>Jusrun</strong></span> <span class='ocrx_word' id='word_1_4' title='bbox 691 572 763 634; x_wconf 75' lang='lat' dir='ltr'><strong>leun</strong></span> <span class='ocrx_word' id='word_1_5' title='bbox 785 591 971 635; x_wconf 78' lang='lat' dir='ltr'><strong>lmsromueu</strong></span> 
     </span>
    </p>
   </div>
   <div class='ocr_carea' id='block_1_2' title="bbox 213 716 1260 2604">
    <p class='ocr_par' dir='ltr' id='par_1_2' title="bbox 213 716 1260 1327">
     <span class='ocr_line' id='line_1_2' title="bbox 213 716 1260 793; baseline 0 -18"><span class='ocrx_word' id='word_1_6' title='bbox 213 719 281 793; x_wconf 81' lang='lat' dir='ltr'><strong>jure</strong></span> <span class='ocrx_word' id='word_1_7' title='bbox 305 716 404 776; x_wconf 89' lang='lat' dir='ltr'><strong>eivili:</strong></span> <span class='ocrx_word' id='word_1_8' title='bbox 433 720 467 775; x_wconf 90' lang='lat' dir='ltr'><strong>ut</strong></span> <span class='ocrx_word' id='word_1_9' title='bbox 498 717 579 776; x_wconf 89' lang='lat' dir='ltr'><strong>enim</strong></span> <span class='ocrx_word' id='word_1_10' title='bbox 605 717 733 792; x_wconf 80' lang='lat' dir='ltr'><strong>quisque</strong></span> <span class='ocrx_word' id='word_1_11' title='bbox 760 717 890 775; x_wconf 86' lang='lat' dir='ltr'><strong>conviva</strong></span> <span class='ocrx_word' id='word_1_12' title='bbox 919 717 1015 790; x_wconf 66' lang='lat' dir='ltr'><strong>eibos</strong></span> <span class='ocrx_word' id='word_1_13' title='bbox 1048 717 1174 777; x_wconf 88' lang='lat' dir='ltr'><strong>etiamsi</strong></span> <span class='ocrx_word' id='word_1_14' title='bbox 1207 735 1260 775; x_wconf 88' lang='lat' dir='ltr'><strong>eos</strong></span> 
     </span>
     <span class='ocr_line' id='line_1_3' title="bbox 216 823 1260 900; baseline -0.001 -19"><span class='ocrx_word' id='word_1_15' title='bbox 216 842 345 898; x_wconf 75' lang='lat' dir='ltr'><strong>coquere</strong></span> <span class='ocrx_word' id='word_1_16' title='bbox 369 823 498 894; x_wconf 83' lang='lat' dir='ltr'><strong>neseiat,</strong></span> <span class='ocrx_word' id='word_1_17' title='bbox 527 826 610 882; x_wconf 87' lang='lat' dir='ltr'><strong>reete</strong></span> <span class='ocrx_word' id='word_1_18' title='bbox 639 827 754 900; x_wconf 83' lang='lat' dir='ltr'>gustat,</span> <span class='ocrx_word' id='word_1_19' title='bbox 788 823 830 881; x_wconf 86' lang='lat' dir='ltr'><strong>ita</strong></span> <span class='ocrx_word' id='word_1_20' title='bbox 857 823 986 898; x_wconf 86' lang='lat' dir='ltr'><strong>quisque</strong></span> <span class='ocrx_word' id='word_1_21' title='bbox 1016 823 1103 895; x_wconf 80' lang='lat' dir='ltr'><strong>civiS,</strong></span> <span class='ocrx_word' id='word_1_22' title='bbox 1133 823 1260 882; x_wconf 88' lang='lat' dir='ltr'><strong>etiamsi</strong></span> 
     </span>
     <span class='ocr_line' id='line_1_4' title="bbox 216 931 1260 1007; baseline 0.001 -19"><span class='ocrx_word' id='word_1_23' title='bbox 216 931 376 1006; x_wconf 82' lang='lat' dir='ltr'><strong>imperium</strong></span> <span class='ocrx_word' id='word_1_24' title='bbox 392 950 497 1007; x_wconf 81' lang='lat' dir='ltr'><strong>gerere</strong></span> <span class='ocrx_word' id='word_1_25' title='bbox 514 931 644 1003; x_wconf 86' lang='lat' dir='ltr'><strong>neseiat,</strong></span> <span class='ocrx_word' id='word_1_26' title='bbox 663 931 861 1006; x_wconf 70' lang='lat' dir='ltr'>magistratus</span> <span class='ocrx_word' id='word_1_27' title='bbox 877 935 958 989; x_wconf 87' lang='lat' dir='ltr'><strong>reete</strong></span> <span class='ocrx_word' id='word_1_28' title='bbox 973 931 1092 1006; x_wconf 84' lang='lat' dir='ltr'><strong>judicat</strong></span> <span class='ocrx_word' id='word_1_29' title='bbox 1103 934 1125 988; x_wconf 88' lang='lat'><strong>¹.</strong></span> <span class='ocrx_word' id='word_1_30' title='bbox 1139 931 1260 990; x_wconf 88' lang='lat' dir='ltr'><strong>Omnes</strong></span> 
     </span>
     <span class='ocr_line' id='line_1_5' title="bbox 215 1037 1259 1113; baseline 0 -17"><span class='ocrx_word' id='word_1_31' title='bbox 215 1038 336 1096; x_wconf 82' lang='lat' dir='ltr'><strong>civilem</strong></span> <span class='ocrx_word' id='word_1_32' title='bbox 363 1039 505 1097; x_wconf 89' lang='lat' dir='ltr'><strong>virtutem</strong></span> <span class='ocrx_word' id='word_1_33' title='bbox 523 1043 788 1113; x_wconf 80' lang='lat' dir='ltr'><strong>comparaverunt,</strong></span> <span class='ocrx_word' id='word_1_34' title='bbox 807 1039 860 1097; x_wconf 89' lang='lat' dir='ltr'><strong>sed</strong></span> <span class='ocrx_word' id='word_1_35' title='bbox 875 1038 927 1097; x_wconf 87' lang='lat' dir='ltr'><strong>alii</strong></span> <span class='ocrx_word' id='word_1_36' title='bbox 949 1038 1017 1097; x_wconf 89' lang='lat' dir='ltr'><strong>aliis</strong></span> <span class='ocrx_word' id='word_1_37' title='bbox 1033 1037 1116 1096; x_wconf 86' lang='lat' dir='ltr'><strong>cirili</strong></span> <span class='ocrx_word' id='word_1_38' title='bbox 1142 1039 1259 1096; x_wconf 85' lang='lat' dir='ltr'><strong>virtute</strong></span> 
     </span>
     <span class='ocr_line' id='line_1_6' title="bbox 216 1144 1258 1221; baseline 0 -18"><span class='ocrx_word' id='word_1_39' title='bbox 216 1148 369 1219; x_wconf 72' lang='lat' dir='ltr'><strong>prestant.</strong></span> <span class='ocrx_word' id='word_1_40' title='bbox 388 1147 457 1203; x_wconf 81' lang='lat' dir='ltr'><strong>llaee</strong></span> <span class='ocrx_word' id='word_1_41' title='bbox 472 1145 567 1221; x_wconf 84' lang='lat' dir='ltr'><strong>igitur</strong></span> <span class='ocrx_word' id='word_1_42' title='bbox 581 1145 697 1220; x_wconf 89' lang='lat' dir='ltr'><strong>optima</strong></span> <span class='ocrx_word' id='word_1_43' title='bbox 710 1146 757 1202; x_wconf 89' lang='lat' dir='ltr'><strong>est</strong></span> <span class='ocrx_word' id='word_1_44' title='bbox 772 1144 881 1202; x_wconf 81' lang='lat' dir='ltr'><strong>divitas</strong></span> <span class='ocrx_word' id='word_1_45' title='bbox 896 1163 961 1220; x_wconf 76' lang='lat' dir='ltr'><strong>qua</strong></span> <span class='ocrx_word' id='word_1_46' title='bbox 973 1145 1091 1204; x_wconf 83' lang='lat' dir='ltr'><strong>civibus</strong></span> <span class='ocrx_word' id='word_1_47' title='bbox 1108 1145 1258 1203; x_wconf 89' lang='lat' dir='ltr'><strong>omnihus</strong></span> 
     </span>
     <span class='ocr_line' id='line_1_7' title="bbox 216 1250 1256 1327; baseline 0 -19"><span class='ocrx_word' id='word_1_48' title='bbox 216 1251 441 1327; x_wconf 79' lang='lat' dir='ltr'><strong>magistratum,</strong></span> <span class='ocrx_word' id='word_1_49' title='bbox 459 1250 599 1309; x_wconf 79' lang='lat' dir='ltr'><strong>inlunum</strong></span> <span class='ocrx_word' id='word_1_50' title='bbox 628 1250 754 1322; x_wconf 61' lang='lat' dir='ltr'><strong>infimis</strong></span> <span class='ocrx_word' id='word_1_51' title='bbox 781 1268 935 1308; x_wconf 90' lang='lat' dir='ltr'><strong>summum</strong></span> <span class='ocrx_word' id='word_1_52' title='bbox 961 1251 1086 1326; x_wconf 85' lang='lat' dir='ltr'><strong>optimis</strong></span> <span class='ocrx_word' id='word_1_53' title='bbox 1113 1251 1256 1309; x_wconf 89' lang='lat' dir='ltr'><strong>mandet.</strong></span> 
     </span>
    </p>

    <p class='ocr_par' dir='ltr' id='par_1_3' title="bbox 214 1357 1260 2498">
     <span class='ocr_line' id='line_1_8' title="bbox 255 1357 1256 1434; baseline -0.002 -18"><span class='ocrx_word' id='word_1_54' title='bbox 255 1357 392 1432; x_wconf 81' lang='lat' dir='ltr'><strong>Denique</strong></span> <span class='ocrx_word' id='word_1_55' title='bbox 414 1357 553 1432; x_wconf 81' lang='lat' dir='ltr'><strong>quemvis</strong></span> <span class='ocrx_word' id='word_1_56' title='bbox 584 1357 800 1434; x_wconf 85' lang='lat' dir='ltr'><strong>magistratum</strong></span> <span class='ocrx_word' id='word_1_57' title='bbox 831 1357 959 1432; x_wconf 88' lang='lat' dir='ltr'><strong>imperio</strong></span> <span class='ocrx_word' id='word_1_58' title='bbox 992 1375 1046 1416; x_wconf 92' lang='lat' dir='ltr'><strong>suo</strong></span> <span class='ocrx_word' id='word_1_59' title='bbox 1070 1358 1256 1416; x_wconf 78' lang='lat' dir='ltr'><strong>abutentem</strong></span> 
     </span>
     <span class='ocr_line' id='line_1_9' title="bbox 215 1463 1258 1539; baseline 0.001 -18"><span class='ocrx_word' id='word_1_60' title='bbox 215 1463 405 1539; x_wconf 82' lang='lat' dir='ltr'><strong>dejiciamus.</strong></span> <span class='ocrx_word' id='word_1_61' title='bbox 434 1464 531 1523; x_wconf 89' lang='lat' dir='ltr'><strong>Etiam</strong></span> <span class='ocrx_word' id='word_1_62' title='bbox 556 1463 671 1538; x_wconf 88' lang='lat' dir='ltr'><strong>optimo</strong></span> <span class='ocrx_word' id='word_1_63' title='bbox 692 1463 802 1538; x_wconf 89' lang='lat' dir='ltr'><strong>euique</strong></span> <span class='ocrx_word' id='word_1_64' title='bbox 824 1463 976 1539; x_wconf 69' lang='lat' dir='ltr'><strong>injustum</strong></span> <span class='ocrx_word' id='word_1_65' title='bbox 1001 1468 1046 1522; x_wconf 92' lang='lat' dir='ltr'><strong>est</strong></span> <span class='ocrx_word' id='word_1_66' title='bbox 1068 1467 1258 1538; x_wconf 88' lang='lat' dir='ltr'><strong>perpetuum</strong></span> 
     </span>
     <span class='ocr_line' id='line_1_10' title="bbox 215 1570 1259 1645; baseline 0 -18"><span class='ocrx_word' id='word_1_67' title='bbox 215 1570 376 1644; x_wconf 87' lang='lat' dir='ltr'><strong>imperium</strong></span> <span class='ocrx_word' id='word_1_68' title='bbox 392 1570 566 1643; x_wconf 73' lang='lat' dir='ltr'><strong>eonlerre²;</strong></span> <span class='ocrx_word' id='word_1_69' title='bbox 586 1570 786 1645; x_wconf 82' lang='lat' dir='ltr'><strong>quamohrem</strong></span> <span class='ocrx_word' id='word_1_70' title='bbox 809 1570 903 1628; x_wconf 87' lang='lat' dir='ltr'><strong>etiam</strong></span> <span class='ocrx_word' id='word_1_71' title='bbox 921 1570 1036 1645; x_wconf 90' lang='lat' dir='ltr'><strong>optimo</strong></span> <span class='ocrx_word' id='word_1_72' title='bbox 1057 1570 1169 1645; x_wconf 82' lang='lat' dir='ltr'><strong>cuique</strong></span> <span class='ocrx_word' id='word_1_73' title='bbox 1193 1588 1259 1627; x_wconf 92' lang='lat' dir='ltr'><strong>non</strong></span> 
     </span>
     <span class='ocr_line' id='line_1_11' title="bbox 215 1669 1258 1735; baseline 0 -2"><span class='ocrx_word' id='word_1_74' title='bbox 215 1675 287 1734; x_wconf 87' lang='lat' dir='ltr'><strong>licet</strong></span> <span class='ocrx_word' id='word_1_75' title='bbox 313 1675 408 1734; x_wconf 81' lang='lat' dir='ltr'><strong>lilium</strong></span> <span class='ocrx_word' id='word_1_76' title='bbox 438 1693 526 1734; x_wconf 88' lang='lat' dir='ltr'><strong>suum</strong></span> <span class='ocrx_word' id='word_1_77' title='bbox 560 1677 598 1734; x_wconf 89' lang='lat' dir='ltr'><strong>ad</strong></span> <span class='ocrx_word' id='word_1_78' title='bbox 627 1669 759 1735; x_wconf 80' lang='lat' dir='ltr'><strong>honores</strong></span> <span class='ocrx_word' id='word_1_79' title='bbox 779 1677 928 1735; x_wconf 82' lang='lat' dir='ltr'><strong>voeare³:</strong></span> <span class='ocrx_word' id='word_1_80' title='bbox 956 1679 1146 1735; x_wconf 87' lang='lat' dir='ltr'><strong>evanescunt</strong></span> <span class='ocrx_word' id='word_1_81' title='bbox 1170 1675 1258 1733; x_wconf 89' lang='lat' dir='ltr'><strong>enim</strong></span> 
     </span>
     <span class='ocr_line' id='line_1_12' title="bbox 216 1781 1260 1859; baseline 0.002 -21"><span class='ocrx_word' id='word_1_82' title='bbox 216 1783 344 1840; x_wconf 82' lang='lat' dir='ltr'><strong>virtutes</strong></span> <span class='ocrx_word' id='word_1_83' title='bbox 360 1783 509 1857; x_wconf 81' lang='lat' dir='ltr'><strong>cujusque</strong></span> <span class='ocrx_word' id='word_1_84' title='bbox 528 1781 585 1840; x_wconf 82' lang='lat' dir='ltr'><strong>viri</strong></span> <span class='ocrx_word' id='word_1_85' title='bbox 601 1781 650 1840; x_wconf 88' lang='lat' dir='ltr'><strong>vel</strong></span> <span class='ocrx_word' id='word_1_86' title='bbox 677 1782 827 1857; x_wconf 83' lang='lat' dir='ltr'><strong>cujusque</strong></span> <span class='ocrx_word' id='word_1_87' title='bbox 850 1782 988 1859; x_wconf 79' lang='lat' dir='ltr'><strong>generis:</strong></span> <span class='ocrx_word' id='word_1_88' title='bbox 1015 1799 1108 1857; x_wconf 83' lang='lat' dir='ltr'><strong>quare</strong></span> <span class='ocrx_word' id='word_1_89' title='bbox 1132 1785 1260 1856; x_wconf 85' lang='lat' dir='ltr'><strong>oportet</strong></span> 
     </span>
     <span class='ocr_line' id='line_1_13' title="bbox 216 1887 1259 1965; baseline 0 -19"><span class='ocrx_word' id='word_1_90' title='bbox 216 1888 297 1946; x_wconf 86' lang='lat' dir='ltr'><strong>cives</strong></span> <span class='ocrx_word' id='word_1_91' title='bbox 329 1888 419 1946; x_wconf 87' lang='lat' dir='ltr'><strong>certis</strong></span> <span class='ocrx_word' id='word_1_92' title='bbox 453 1888 637 1963; x_wconf 90' lang='lat' dir='ltr'><strong>quibusdam</strong></span> <span class='ocrx_word' id='word_1_93' title='bbox 667 1887 838 1947; x_wconf 88' lang='lat' dir='ltr'><strong>intervallis</strong></span> <span class='ocrx_word' id='word_1_94' title='bbox 862 1889 1044 1965; x_wconf 86' lang='lat' dir='ltr'><strong>dignitatem</strong></span> <span class='ocrx_word' id='word_1_95' title='bbox 1085 1888 1259 1964; x_wconf 83' lang='lat' dir='ltr'><strong>magistra-</strong></span> 
     </span>
     <span class='ocr_line' id='line_1_14' title="bbox 216 1994 1259 2072; baseline -0.001 -19"><span class='ocrx_word' id='word_1_96' title='bbox 216 1999 302 2053; x_wconf 85' lang='lat' dir='ltr'><strong>tuum</strong></span> <span class='ocrx_word' id='word_1_97' title='bbox 317 1995 444 2070; x_wconf 84' lang='lat' dir='ltr'><strong>experiri</strong></span> <span class='ocrx_word' id='word_1_98' title='bbox 462 2013 501 2054; x_wconf 87' lang='lat' dir='ltr'><strong>ne</strong></span> <span class='ocrx_word' id='word_1_99' title='bbox 517 1995 680 2071; x_wconf 89' lang='lat' dir='ltr'><strong>imperium</strong></span> <span class='ocrx_word' id='word_1_100' title='bbox 696 1999 861 2072; x_wconf 83' lang='lat' dir='ltr'><strong>prorogent</strong></span> <span class='ocrx_word' id='word_1_101' title='bbox 876 2013 981 2053; x_wconf 88' lang='lat' dir='ltr'><strong>eorum</strong></span> <span class='ocrx_word' id='word_1_102' title='bbox 997 1995 1047 2070; x_wconf 87' lang='lat' dir='ltr'><strong>qui</strong></span> <span class='ocrx_word' id='word_1_103' title='bbox 1067 1994 1259 2071; x_wconf 85' lang='lat' dir='ltr'><strong>dignitatern</strong></span> 
     </span>
     <span class='ocr_line' id='line_1_15' title="bbox 215 2101 1257 2178; baseline 0 -19"><span class='ocrx_word' id='word_1_104' title='bbox 215 2101 384 2160; x_wconf 86' lang='lat' dir='ltr'><strong>amiserint.</strong></span> <span class='ocrx_word' id='word_1_105' title='bbox 403 2102 531 2161; x_wconf 86' lang='lat' dir='ltr'><strong>Virtutis</strong></span> <span class='ocrx_word' id='word_1_106' title='bbox 545 2103 702 2178; x_wconf 86' lang='lat' dir='ltr'><strong>praemium</strong></span> <span class='ocrx_word' id='word_1_107' title='bbox 718 2106 764 2161; x_wconf 88' lang='lat' dir='ltr'><strong>est</strong></span> <span class='ocrx_word' id='word_1_108' title='bbox 776 2102 950 2178; x_wconf 78' lang='lat' dir='ltr'><strong>imperium,</strong></span> <span class='ocrx_word' id='word_1_109' title='bbox 969 2103 1022 2161; x_wconf 88' lang='lat' dir='ltr'><strong>sed</strong></span> <span class='ocrx_word' id='word_1_110' title='bbox 1032 2101 1070 2159; x_wconf 88' lang='lat' dir='ltr'><strong>iis</strong></span> <span class='ocrx_word' id='word_1_111' title='bbox 1083 2101 1135 2176; x_wconf 89' lang='lat' dir='ltr'><strong>qui</strong></span> <span class='ocrx_word' id='word_1_112' title='bbox 1149 2101 1257 2159; x_wconf 85' lang='lat' dir='ltr'><strong>osfieio</strong></span> 
     </span>
     <span class='ocr_line' id='line_1_16' title="bbox 215 2205 1259 2287; baseline -0.002 -20"><span class='ocrx_word' id='word_1_113' title='bbox 215 2209 383 2268; x_wconf 86' lang='lat' dir='ltr'><strong>abutuntur</strong></span> <span class='ocrx_word' id='word_1_114' title='bbox 400 2211 436 2267; x_wconf 79' lang='lat' dir='ltr'><strong>e‘a</strong></span> <span class='ocrx_word' id='word_1_115' title='bbox 449 2212 495 2267; x_wconf 91' lang='lat' dir='ltr'><strong>est</strong></span> <span class='ocrx_word' id='word_1_116' title='bbox 510 2226 599 2284; x_wconf 71' lang='lat' dir='ltr'><strong>penna</strong></span> <span class='ocrx_word' id='word_1_117' title='bbox 616 2212 649 2267; x_wconf 88' lang='lat' dir='ltr'><strong>nt</strong></span> <span class='ocrx_word' id='word_1_118' title='bbox 665 2209 696 2267; x_wconf 90' lang='lat' dir='ltr'><strong>in</strong></span> <span class='ocrx_word' id='word_1_119' title='bbox 707 2209 883 2268; x_wconf 84' lang='lat' dir='ltr'><strong>inferiorem</strong></span> <span class='ocrx_word' id='word_1_120' title='bbox 896 2210 1032 2268; x_wconf 85' lang='lat' dir='ltr'><strong>ordinem</strong></span> <span class='ocrx_word' id='word_1_121' title='bbox 1050 2209 1163 2267; x_wconf 88' lang='lat' dir='ltr'><strong>cadant</strong></span> <span class='ocrx_word' id='word_1_122' title='bbox 1180 2205 1259 2287; x_wconf 80' lang='grc' dir='ltr'>(ἀτι-</span> 
     </span>
     <span class='ocr_line' id='line_1_17' title="bbox 214 2314 1256 2395; baseline -0.001 -21"><span class='ocrx_word' id='word_1_123' title='bbox 214 2314 289 2395; x_wconf 65' lang='grc' dir='ltr'><strong>μῖα).</strong></span> <span class='ocrx_word' id='word_1_124' title='bbox 309 2315 444 2374; x_wconf 78' lang='lat' dir='ltr'><strong>l&#39;olitieis</strong></span> <span class='ocrx_word' id='word_1_125' title='bbox 463 2316 545 2375; x_wconf 87' lang='lat' dir='ltr'><strong>enirn</strong></span> <span class='ocrx_word' id='word_1_126' title='bbox 563 2316 727 2376; x_wconf 86' lang='lat' dir='ltr'><strong>virtutibus</strong></span> <span class='ocrx_word' id='word_1_127' title='bbox 745 2334 781 2375; x_wconf 87' lang='lat' dir='ltr'><strong>ae</strong></span> <span class='ocrx_word' id='word_1_128' title='bbox 799 2316 882 2376; x_wconf 85' lang='lat' dir='ltr'><strong>vitiis</strong></span> <span class='ocrx_word' id='word_1_129' title='bbox 893 2315 1016 2390; x_wconf 80' lang='lat' dir='ltr'><strong>politica</strong></span> <span class='ocrx_word' id='word_1_130' title='bbox 1032 2315 1156 2390; x_wconf 72' lang='lat' dir='ltr'><strong>premia</strong></span> <span class='ocrx_word' id='word_1_131' title='bbox 1174 2315 1256 2389; x_wconf 88' lang='lat' dir='ltr'><strong>poli-</strong></span> 
     </span>
     <span class='ocr_line' id='line_1_18' title="bbox 214 2423 708 2498; baseline 0 -18"><span class='ocrx_word' id='word_1_132' title='bbox 214 2423 342 2497; x_wconf 82' lang='lat' dir='ltr'><strong>tieaeque</strong></span> <span class='ocrx_word' id='word_1_133' title='bbox 357 2441 452 2498; x_wconf 80' lang='lat' dir='ltr'><strong>poenae</strong></span> <span class='ocrx_word' id='word_1_134' title='bbox 468 2423 708 2481; x_wconf 81' lang='lat' dir='ltr'><strong>constituuntur.</strong></span> 
     </span>
    </p>

    <p class='ocr_par' dir='ltr' id='par_1_4' title="bbox 254 2528 1257 2604">
     <span class='ocr_line' id='line_1_19' title="bbox 254 2528 1257 2604; baseline 0 -17"><span class='ocrx_word' id='word_1_135' title='bbox 254 2529 383 2588; x_wconf 88' lang='lat' dir='ltr'><strong>Virtutis</strong></span> <span class='ocrx_word' id='word_1_136' title='bbox 398 2529 575 2587; x_wconf 84' lang='lat' dir='ltr'><strong>dianoetieae</strong></span> <span class='ocrx_word' id='word_1_137' title='bbox 592 2528 744 2604; x_wconf 82' lang='lat' dir='ltr'><strong>peculiare</strong></span> <span class='ocrx_word' id='word_1_138' title='bbox 759 2530 911 2604; x_wconf 84' lang='lat' dir='ltr'><strong>quoddam</strong></span> <span class='ocrx_word' id='word_1_139' title='bbox 927 2532 973 2587; x_wconf 87' lang='lat' dir='ltr'><strong>est</strong></span> <span class='ocrx_word' id='word_1_140' title='bbox 986 2528 1153 2604; x_wconf 77' lang='lat' dir='ltr'><strong>praemium,</strong></span> <span class='ocrx_word' id='word_1_141' title='bbox 1171 2529 1257 2603; x_wconf 79' lang='lat' dir='ltr'><strong>quod</strong></span> 
     </span>
    </p>
   </div>
   <div class='ocr_carea' id='block_1_3' title="bbox 202 2631 1256 3350">
    <p class='ocr_par' dir='ltr' id='par_1_5' title="bbox 202 2631 1256 3350">
     <span class='ocr_line' id='line_1_20' title="bbox 214 2631 1254 2716; baseline 0 -23"><span class='ocrx_word' id='word_1_142' title='bbox 214 2635 246 2693; x_wconf 88' lang='lat' dir='ltr'><strong>in</strong></span> <span class='ocrx_word' id='word_1_143' title='bbox 261 2638 363 2694; x_wconf 81' lang='lat' dir='ltr'><strong>mente</strong></span> <span class='ocrx_word' id='word_1_144' title='bbox 375 2636 514 2711; x_wconf 80' lang='lat' dir='ltr'><strong>ponitur:</strong></span> <span class='ocrx_word' id='word_1_145' title='bbox 534 2635 594 2694; x_wconf 76' lang='grc' dir='ltr'>καθ’</span> <span class='ocrx_word' id='word_1_146' title='bbox 605 2633 686 2702; x_wconf 82' lang='grc' dir='ltr'>αὑτὰς</span> <span class='ocrx_word' id='word_1_147' title='bbox 702 2633 731 2693; x_wconf 81' lang='grc' dir='ltr'><strong>ἂν</strong></span> <span class='ocrx_word' id='word_1_148' title='bbox 746 2637 798 2695; x_wconf 78' lang='grc' dir='ltr'>εἶεν</span> <span class='ocrx_word' id='word_1_149' title='bbox 810 2643 836 2694; x_wconf 81' lang='grc' dir='ltr'><strong>αἱ</strong></span> <span class='ocrx_word' id='word_1_150' title='bbox 848 2635 907 2693; x_wconf 79' lang='grc' dir='ltr'>κατ’</span> <span class='ocrx_word' id='word_1_151' title='bbox 924 2631 1138 2716; x_wconf 13' lang='grc' dir='ltr'>ἁρετὴνέπράξεις</span> <span class='ocrx_word' id='word_1_152' title='bbox 1152 2634 1254 2712; x_wconf 75' lang='grc' dir='ltr'>ἡδεῖαι.</span> 
     </span>
     <span class='ocr_line' id='line_1_21' title="bbox 202 2731 1255 2821; baseline 0.002 -23"><span class='ocrx_word' id='word_1_153' title='bbox 202 2731 281 2800; x_wconf 73' lang='grc' dir='ltr'>’ἀλλὰ</span> <span class='ocrx_word' id='word_1_154' title='bbox 297 2740 350 2819; x_wconf 68' lang='grc' dir='ltr'><strong>μὴν</strong></span> <span class='ocrx_word' id='word_1_155' title='bbox 360 2739 404 2800; x_wconf 79' lang='grc' dir='ltr'><strong>καὶ</strong></span> <span class='ocrx_word' id='word_1_156' title='bbox 415 2738 515 2813; x_wconf 68' lang='grc' dir='ltr'>ἀγαθαί</span> <span class='ocrx_word' id='word_1_157' title='bbox 527 2766 557 2821; x_wconf 81' lang='grc' dir='ltr'><strong>γε</strong></span> <span class='ocrx_word' id='word_1_158' title='bbox 570 2748 614 2800; x_wconf 62' lang='grc' dir='ltr'><strong>καὶ</strong></span> <span class='ocrx_word' id='word_1_159' title='bbox 627 2742 744 2801; x_wconf 67' lang='lat' dir='ltr'><strong>zalal...</strong></span> <span class='ocrx_word' id='word_1_160' title='bbox 758 2741 769 2775; x_wconf 66' lang='lat' dir='ltr'><strong>t</strong></span> <span class='ocrx_word' id='word_1_161' title='bbox 781 2743 868 2800; x_wconf 88' lang='lat' dir='ltr'><strong>Hane</strong></span> <span class='ocrx_word' id='word_1_162' title='bbox 878 2741 929 2816; x_wconf 82' lang='lat' dir='ltr'><strong>qui</strong></span> <span class='ocrx_word' id='word_1_163' title='bbox 939 2741 1011 2800; x_wconf 86' lang='lat' dir='ltr'><strong>eolit</strong></span> <span class='ocrx_word' id='word_1_164' title='bbox 1024 2759 1094 2800; x_wconf 91' lang='lat' dir='ltr'><strong>eum</strong></span> <span class='ocrx_word' id='word_1_165' title='bbox 1106 2736 1255 2800; x_wconf 88' lang='lat' dir='ltr'><strong>homines</strong></span> 
     </span>
     <span class='ocr_line' id='line_1_22' title="bbox 214 2848 1256 2925; baseline 0.001 -19"><span class='ocrx_word' id='word_1_166' title='bbox 214 2849 341 2908; x_wconf 80' lang='lat' dir='ltr'><strong>forsitan</strong></span> <span class='ocrx_word' id='word_1_167' title='bbox 357 2848 455 2924; x_wconf 75' lang='lat' dir='ltr'><strong>punis</strong></span> <span class='ocrx_word' id='word_1_168' title='bbox 476 2848 619 2922; x_wconf 78' lang='lat' dir='ltr'><strong>multent,</strong></span> <span class='ocrx_word' id='word_1_169' title='bbox 645 2867 743 2925; x_wconf 85' lang='lat' dir='ltr'><strong>neque</strong></span> <span class='ocrx_word' id='word_1_170' title='bbox 761 2849 910 2924; x_wconf 88' lang='lat' dir='ltr'><strong>injustum</strong></span> <span class='ocrx_word' id='word_1_171' title='bbox 939 2852 985 2908; x_wconf 88' lang='lat' dir='ltr'><strong>est</strong></span> <span class='ocrx_word' id='word_1_172' title='bbox 1005 2866 1111 2906; x_wconf 91' lang='lat' dir='ltr'><strong>eume</strong></span> <span class='ocrx_word' id='word_1_173' title='bbox 1136 2848 1256 2907; x_wconf 88' lang='lat' dir='ltr'><strong>finibus</strong></span> 
     </span>
     <span class='ocr_line' id='line_1_23' title="bbox 214 2948 1256 3030; baseline 0.001 -18"><span class='ocrx_word' id='word_1_174' title='bbox 214 2954 346 3014; x_wconf 84' lang='lat' dir='ltr'><strong>civitatis</strong></span> <span class='ocrx_word' id='word_1_175' title='bbox 363 2954 523 3030; x_wconf 85' lang='lat' dir='ltr'><strong>expellere,</strong></span> <span class='ocrx_word' id='word_1_176' title='bbox 541 2974 613 3014; x_wconf 85' lang='lat' dir='ltr'><strong>narn</strong></span> <span class='ocrx_word' id='word_1_177' title='bbox 625 2956 736 3015; x_wconf 86' lang='lat' dir='ltr'><strong>virtute</strong></span> <span class='ocrx_word' id='word_1_178' title='bbox 750 2973 806 3014; x_wconf 90' lang='lat' dir='ltr'><strong>sua</strong></span> <span class='ocrx_word' id='word_1_179' title='bbox 822 2973 837 3014; x_wconf 92' lang='lat' dir='ltr'><strong>e</strong></span> <span class='ocrx_word' id='word_1_180' title='bbox 852 2955 967 3013; x_wconf 86' lang='lat' dir='ltr'><strong>finibus</strong></span> <span class='ocrx_word' id='word_1_181' title='bbox 983 2953 1111 3013; x_wconf 89' lang='lat' dir='ltr'><strong>humani</strong></span> <span class='ocrx_word' id='word_1_182' title='bbox 1128 2948 1256 3030; x_wconf 85' lang='lat' dir='ltr'><strong>generis</strong></span> 
     </span>
     <span class='ocr_line' id='line_1_24' title="bbox 214 3059 1255 3138; baseline 0.001 -19"><span class='ocrx_word' id='word_1_183' title='bbox 214 3062 291 3138; x_wconf 83' lang='lat' dir='ltr'><strong>sugit</strong></span> <span class='ocrx_word' id='word_1_184' title='bbox 309 3062 345 3120; x_wconf 90' lang='lat' dir='ltr'><strong>ad</strong></span> <span class='ocrx_word' id='word_1_185' title='bbox 364 3061 498 3120; x_wconf 67' lang='lat' dir='ltr'><strong>divinat.</strong></span> <span class='ocrx_word' id='word_1_186' title='bbox 528 3061 687 3121; x_wconf 88' lang='lat' dir='ltr'><strong>Summum</strong></span> <span class='ocrx_word' id='word_1_187' title='bbox 705 3061 867 3137; x_wconf 86' lang='lat' dir='ltr'><strong>imperium</strong></span> <span class='ocrx_word' id='word_1_188' title='bbox 894 3061 920 3121; x_wconf 91' lang='lat' dir='ltr'><strong>is</strong></span> <span class='ocrx_word' id='word_1_189' title='bbox 935 3061 967 3120; x_wconf 93' lang='lat' dir='ltr'><strong>in</strong></span> <span class='ocrx_word' id='word_1_190' title='bbox 986 3061 1101 3136; x_wconf 88' lang='lat' dir='ltr'><strong>optima</strong></span> <span class='ocrx_word' id='word_1_191' title='bbox 1125 3059 1255 3120; x_wconf 87' lang='lat' dir='ltr'><strong>civitate</strong></span> 
     </span>
     <span class='ocr_line' id='line_1_25' title="bbox 213 3167 1254 3244; baseline -0.002 -17"><span class='ocrx_word' id='word_1_192' title='bbox 213 3168 375 3240; x_wconf 89' lang='lat' dir='ltr'><strong>obtineret,</strong></span> <span class='ocrx_word' id='word_1_193' title='bbox 402 3170 454 3227; x_wconf 90' lang='lat' dir='ltr'><strong>sed</strong></span> <span class='ocrx_word' id='word_1_194' title='bbox 473 3168 549 3226; x_wconf 90' lang='lat' dir='ltr'><strong>nihil</strong></span> <span class='ocrx_word' id='word_1_195' title='bbox 574 3168 685 3226; x_wconf 91' lang='lat' dir='ltr'><strong>mirum</strong></span> <span class='ocrx_word' id='word_1_196' title='bbox 711 3169 792 3244; x_wconf 91' lang='lat' dir='ltr'><strong>quod</strong></span> <span class='ocrx_word' id='word_1_197' title='bbox 814 3168 955 3228; x_wconf 89' lang='lat' dir='ltr'><strong>homines</strong></span> <span class='ocrx_word' id='word_1_198' title='bbox 976 3167 1159 3227; x_wconf 87' lang='lat' dir='ltr'><strong>ostraeismo</strong></span> <span class='ocrx_word' id='word_1_199' title='bbox 1180 3186 1254 3227; x_wconf 90' lang='lat' dir='ltr'><strong>eum</strong></span> 
     </span>
     <span class='ocr_line' id='line_1_26' title="bbox 212 3269 1255 3350; baseline 0 -18"><span class='ocrx_word' id='word_1_200' title='bbox 212 3276 357 3335; x_wconf 87' lang='lat' dir='ltr'><strong>damnare</strong></span> <span class='ocrx_word' id='word_1_201' title='bbox 374 3273 494 3334; x_wconf 90' lang='lat' dir='ltr'><strong>solent:</strong></span> <span class='ocrx_word' id='word_1_202' title='bbox 519 3274 656 3333; x_wconf 86' lang='lat' dir='ltr'><strong>divinam</strong></span> <span class='ocrx_word' id='word_1_203' title='bbox 683 3275 776 3347; x_wconf 89' lang='lat' dir='ltr'><strong>enim,</strong></span> <span class='ocrx_word' id='word_1_204' title='bbox 794 3293 856 3333; x_wconf 92' lang='lat' dir='ltr'><strong>non</strong></span> <span class='ocrx_word' id='word_1_205' title='bbox 879 3269 1052 3333; x_wconf 88' lang='lat' dir='ltr'><strong>humanam</strong></span> <span class='ocrx_word' id='word_1_206' title='bbox 1064 3273 1255 3350; x_wconf 86' lang='lat' dir='ltr'><strong>dignitatern</strong></span> 
     </span>
    </p>
   </div>
   <div class='ocr_carea' id='block_1_4' title="bbox 240 3600 649 3973">
    <p class='ocr_par' dir='ltr' id='par_1_6' title="bbox 240 3600 649 3973">
     <span class='ocr_line' id='line_1_27' title="bbox 243 3600 649 3651; baseline 0 -1"><span class='ocrx_word' id='word_1_207' title='bbox 243 3604 265 3651; x_wconf 89' lang='lat' dir='ltr'><strong>l.</strong></span> <span class='ocrx_word' id='word_1_208' title='bbox 284 3600 339 3650; x_wconf 86' lang='lat' dir='ltr'><strong>Pol.</strong></span> <span class='ocrx_word' id='word_1_209' title='bbox 353 3608 379 3650; x_wconf 84' lang='grc' dir='ltr'><strong>Γ,</strong></span> <span class='ocrx_word' id='word_1_210' title='bbox 400 3602 438 3649; x_wconf 89' lang='lat' dir='ltr'><strong>ll.</strong></span> <span class='ocrx_word' id='word_1_211' title='bbox 455 3601 514 3650; x_wconf 88' lang='grc'>1282</span> <span class='ocrx_word' id='word_1_212' title='bbox 532 3615 547 3649; x_wconf 87' lang='lat' dir='ltr'><strong>a</strong></span> <span class='ocrx_word' id='word_1_213' title='bbox 563 3601 649 3650; x_wconf 80' lang='grc'>20-23.</span> 
     </span>
     <span class='ocr_line' id='line_1_28' title="bbox 240 3683 597 3733; baseline -0.006 -1"><span class='ocrx_word' id='word_1_214' title='bbox 240 3685 263 3733; x_wconf 92' lang='grc'><strong>2,</strong></span> <span class='ocrx_word' id='word_1_215' title='bbox 282 3683 336 3732; x_wconf 86' lang='lat' dir='ltr'><strong>Pol.</strong></span> <span class='ocrx_word' id='word_1_216' title='bbox 353 3684 380 3731; x_wconf 89' lang='lat' dir='ltr'><strong>B.</strong></span> <span class='ocrx_word' id='word_1_217' title='bbox 399 3686 435 3731; x_wconf 85' lang='grc'>111.</span> <span class='ocrx_word' id='word_1_218' title='bbox 453 3683 513 3730; x_wconf 75' lang='grc'>1212</span> <span class='ocrx_word' id='word_1_219' title='bbox 528 3696 543 3730; x_wconf 94' lang='lat' dir='ltr'><strong>a</strong></span> <span class='ocrx_word' id='word_1_220' title='bbox 559 3683 597 3730; x_wconf 82' lang='grc'><strong>31.</strong></span> 
     </span>
     <span class='ocr_line' id='line_1_29' title="bbox 241 3762 646 3812; baseline -0.002 0"><span class='ocrx_word' id='word_1_221' title='bbox 241 3766 263 3812; x_wconf 89' lang='lat'><strong>3.</strong></span> <span class='ocrx_word' id='word_1_222' title='bbox 283 3763 339 3812; x_wconf 86' lang='lat' dir='ltr'><strong>Pol.</strong></span> <span class='ocrx_word' id='word_1_223' title='bbox 354 3770 381 3812; x_wconf 92' lang='grc' dir='ltr'><strong>Γ.</strong></span> <span class='ocrx_word' id='word_1_224' title='bbox 399 3766 435 3811; x_wconf 84' lang='grc'><strong>15.</strong></span> <span class='ocrx_word' id='word_1_225' title='bbox 456 3763 516 3810; x_wconf 86' lang='grc'>1286</span> <span class='ocrx_word' id='word_1_226' title='bbox 532 3762 548 3810; x_wconf 91' lang='lat' dir='ltr'><strong>h</strong></span> <span class='ocrx_word' id='word_1_227' title='bbox 563 3763 646 3811; x_wconf 84' lang='grc'>22-21.</span> 
     </span>
     <span class='ocr_line' id='line_1_30' title="bbox 240 3843 645 3892; baseline -0.005 0"><span class='ocrx_word' id='word_1_228' title='bbox 240 3846 263 3892; x_wconf 76' lang='lat' dir='ltr'><strong>l.</strong></span> <span class='ocrx_word' id='word_1_229' title='bbox 279 3843 340 3892; x_wconf 75' lang='lat' dir='ltr'><strong>utu.</strong></span> <span class='ocrx_word' id='word_1_230' title='bbox 356 3843 411 3891; x_wconf 80' lang='lat' dir='ltr'><strong>Nic.</strong></span> <span class='ocrx_word' id='word_1_231' title='bbox 428 3843 458 3891; x_wconf 85' lang='lat' dir='ltr'><strong>A.</strong></span> <span class='ocrx_word' id='word_1_232' title='bbox 471 3844 494 3890; x_wconf 84' lang='grc'><strong>9.</strong></span> <span class='ocrx_word' id='word_1_233' title='bbox 509 3844 568 3890; x_wconf 86' lang='grc'>1099</span> <span class='ocrx_word' id='word_1_234' title='bbox 579 3856 594 3890; x_wconf 90' lang='lat' dir='ltr'><strong>a</strong></span> <span class='ocrx_word' id='word_1_235' title='bbox 606 3844 645 3890; x_wconf 91' lang='grc'><strong>21.</strong></span> 
     </span>
     <span class='ocr_line' id='line_1_31' title="bbox 241 3923 591 3973; baseline 0.003 -4"><span class='ocrx_word' id='word_1_236' title='bbox 241 3926 263 3972; x_wconf 82' lang='lat'><strong>5.</strong></span> <span class='ocrx_word' id='word_1_237' title='bbox 281 3923 336 3972; x_wconf 86' lang='lat' dir='ltr'><strong>Pol.</strong></span> <span class='ocrx_word' id='word_1_238' title='bbox 354 3931 381 3973; x_wconf 90' lang='grc' dir='ltr'><strong>Γ.</strong></span> <span class='ocrx_word' id='word_1_239' title='bbox 399 3925 436 3972; x_wconf 89' lang='grc'><strong>13.</strong></span> <span class='ocrx_word' id='word_1_240' title='bbox 454 3924 537 3971; x_wconf 66' lang='lat' dir='ltr'><strong>laada</strong></span> <span class='ocrx_word' id='word_1_241' title='bbox 553 3925 591 3970; x_wconf 91' lang='grc'><strong>11.</strong></span> 
     </span>
    </p>
   </div>
   <div class='ocr_carea' id='block_1_5' title="bbox 0 0 1478 5212">
    <p class='ocr_par' dir='ltr' id='par_1_7' title="bbox 0 0 1478 5212">
     <span class='ocr_line' id='line_1_32' title="bbox 0 0 1478 5212; baseline 0 1"><span class='ocrx_word' id='word_1_242' title='bbox 0 0 1478 5212; x_wconf 95' lang='lat' dir='ltr'><strong> </strong></span> 
     </span>
    </p>
   </div>
  </div>
 </body>
</html>
