2948 5212
502 689 537 732 nn
558 691 623 734 roae
645 689 780 733 1111111111
1120 671 1154 734 31

120 818 224 896 potius
239 818 396 876 dicemus:
417 818 498 876 lacta
510 817 623 892 injuria
639 821 693 876 aut
707 816 808 876 delato
825 815 953 876 crimine
967 817 1020 892 jus
1044 835 1163 877 correc-

121 926 221 985 tivum
234 927 384 1000 quantum
411 923 478 983 fieri
506 927 609 999 potest
634 927 721 983 curat
749 941 788 983 ne
817 923 940 991 αἰκισθείς
971 947 1022 997 τις,
1051 923 1164 999 injuria

123 1035 261 1108 accepta,
281 1030 383 1091 minus
392 1030 505 1090 habeat
515 1049 609 1106 quam
622 1035 713 1089 antea
723 1031 867 1090 habuerit
880 1032 900 1089 ¹.
914 1033 978 1112 Hoc
984 1031 1036 1106 jus
1045 1029 1164 1090 nullum

122 1137 258 1198 dolorem
275 1137 378 1212 pravis
400 1137 519 1196 civibus
550 1136 712 1196 coustituit
740 1138 794 1196 scd
812 1137 993 1196 felicitatem
1017 1138 1164 1198 amissam

122 1245 214 1305 bouis
225 1236 371 1304 restituit.
389 1244 420 1304 Si
431 1244 468 1303 de
479 1243 577 1319 poenis
590 1244 622 1302 iu
633 1243 769 1302 hocloco
782 1243 961 1304 Aristoteles
978 1245 1162 1320 scripsisset,

123 1352 305 1411 miraremur
314 1351 393 1427 quod
402 1353 507 1410 sontes
516 1350 605 1426 quasi
616 1350 875 1426 praetermisisset:
886 1350 963 1410 nihil
971 1351 1082 1409 mirum
1094 1352 1165 1410 side

124 1458 245 1518 damnis
265 1457 374 1534 egerit.
393 1492 432 1500 -
448 1453 541 1517 R'ecte
560 1457 655 1533 igitur
669 1457 840 1516 Thonissen
862 1457 1025 1533 explicavit
1040 1458 1165 1533 quidde

124 1565 246 1625 damnis
262 1563 429 1624 sarciendis
454 1563 633 1623 Aristotcles
656 1564 810 1623 senserit:
835 1566 947 1623 damno
975 1565 1057 1623 enim
1084 1569 1166 1624 sarto

124 1670 424 1747 aqualitaslacinore
435 1671 558 1730 turbata
567 1671 740 1729 restituitur
754 1689 854 1746 neque
870 1672 981 1730 damna
993 1672 1168 1730 sarciuntur

124 1779 186 1837 nisi
212 1780 250 1837 ad
279 1777 459 1837 felicitatem
485 1778 638 1837 bonorum
667 1777 781 1836 civium
804 1780 995 1837 servandam.
1021 1778 1072 1838 11ae
1095 1797 1166 1837 vero

125 1884 285 1944 sententia
303 1886 341 1944 ad
357 1902 464 1960 poenas
480 1903 542 1943 non
561 1887 712 1959 spectant.

167 1994 277 2051 Poenas
292 1987 344 2066 jus
366 1990 597 2051 distributivum
625 1991 771 2050 instituit.
797 1993 876 2050 Nam
900 2011 970 2050 cum
998 1992 1107 2067 jubeat
1131 1995 1166 2050 ut

127 2099 237 2174 cuique
267 2102 356 2158 suum
382 2098 567 2169 tribuamus,
596 2116 699 2157 nonne
721 2098 812 2173 jubet
837 2117 876 2157 ne
899 2098 972 2173 quid
993 2099 1167 2158 tribuamus
1197 2141 1198 2144 ,

127 2205 199 2264 huic
215 2205 267 2280 qui
282 2204 367 2263 nulla
386 2223 416 2264 rc
437 2205 548 2282 dignus
573 2204 635 2264 sit‘l
653 2203 700 2263 vel
726 2208 761 2263 ut
779 2205 818 2263 ab
843 2204 895 2263 illo
914 2205 966 2279 qui
983 2204 1167 2282 indignitate

127 2315 253 2371 notetur
274 2311 390 2387 aliquid
409 2311 573 2386 petamus?
594 2313 622 2370 ls
646 2329 717 2370 vero
741 2328 832 2386 pruna
853 2311 1003 2370 multatur
1024 2311 1076 2388 qui
1091 2312 1168 2370 nihil

128 2418 300 2494 accipit'vel
319 2418 440 2495 cogitur
451 2422 484 2477 ut
502 2416 617 2492 aliquid
629 2418 747 2477 reddat.
764 2419 856 2477 Poena
867 2435 940 2494 crgo
956 2436 973 2476 a
981 2417 1051 2492 jure
1068 2417 1169 2476 distri-
1224 2496 1226 2502 Ι

127 2527 235 2586 butiro
252 2526 375 2601 pendet.

167 2636 206 2692 At
230 2631 304 2712 (hoc
332 2631 414 2690 enim
432 2631 521 2690 nohis
544 2628 723 2710 objicietur)
748 2631 825 2690 nihil
847 2630 930 2690 aliud
953 2631 1012 2690 nisi
1031 2632 1113 2690 bona
1129 2667 1167 2675 ——

127 2740 251 2800 divitias
264 2738 380 2798 scilicet
398 2742 428 2798 et
443 2740 575 2798 honores
590 2773 628 2780 -
645 2738 697 2813 jus
724 2738 953 2797 distributivum
979 2738 1060 2798 inter
1086 2739 1168 2799 cives

127 2847 246 2907 dividit.
265 2848 363 2906 Poenae
374 2850 477 2905 autem
492 2846 572 2905 inter
588 2847 666 2905 bona
682 2845 858 2904 communia
874 2864 936 2904 non
946 2850 1168 2906 numerantur:

128 2956 300 3033 αἱρετώτερον
315 2951 362 3032 μὲν
376 2955 426 3033 γὰρ
441 2951 551 3031 μηδενὸς
566 2955 667 3011 δεῖσθαι
683 2963 737 3010 τῶν
755 2957 882 3011 τοιούτων
896 2949 961 3031 [τῶν
977 2957 1111 3033 τιμωριῶν
1125 2960 1172 3012 καὶ

128 3058 277 3140 κολάσεων]
292 3063 362 3139 μήτε
376 3058 420 3118 τὸν
436 3058 515 3139 ἄνδρα
532 3061 605 3138 μήτε
616 3056 666 3135 τὴν
677 3057 781 3118 adira?
793 3060 903 3118 Poenas
922 3076 994 3136 ergo
1008 3059 1060 3134 jus
1070 3059 1172 3118 distri-

128 3167 271 3227 butivum
298 3167 381 3225 inter
404 3166 486 3225 cives
514 3184 577 3225 nou
601 3165 718 3224 dividit.
742 3199 780 3210 -
805 3167 1036 3241 Respondemus
1069 3166 1173 3225 omnia

129 3291 196 3350 quae
215 3274 266 3349 jus
286 3272 518 3331 distributivum
534 3272 615 3331 inter
636 3272 719 3331 cives
737 3272 852 3330 dividat
872 3273 910 3330 ab
928 3270 1091 3331 Aristotele
1106 3290 1169 3331 nou

129 3383 310 3439 enumerata
332 3397 411 3438 esse.
435 3381 512 3438 Nam
536 3382 701 3454 postquam
723 3377 845 3437 divitias
873 3381 903 3437 et
927 3380 1060 3438 honores
1084 3396 1169 3438 com·
1211 3436 1212 3439 ,

129 3485 312 3545 memoravit
327 3503 332 3544 :
346 3508 361 3540 «
375 3486 463 3557 adde,
479 3484 589 3561 inquit,
608 3488 708 3544 cetera
724 3503 789 3561 qua
804 3484 885 3544 inter
895 3483 977 3544 cives
990 3485 1085 3543 dividi
1099 3503 1172 3560 pos«

130 3596 203 3651 sunt
218 3609 224 3651 ἱ
243 3591 293 3651 ὅσοι
307 3594 419 3672 μεριστὰ
432 3595 487 3658 τοῖς
500 3598 645 3651 κοινωνοῦσι
660 3585 713 3667 τῆξ
723 3590 887 3658 πολιτείοιςΒ.
899 3591 958 3650 Cur
970 3594 1073 3651 autem
1091 3591 1172 3651 mala

163 3798 186 3843 l.
203 3792 336 3859 31311111.
352 3794 381 3844 Ε.
397 3798 420 3845 l.
439 3794 529 3845 113211
547 3797 583 3844 19.
602 3795 639 3844 ef.
656 3811 681 3860 p.
701 3797 739 3845 39.

162 3877 185 3922 2.
204 3873 259 3924 Pol.
276 3874 355 3937 llll).
372 3877 514 3925 13133211
531 3879 557 3925 11
576 3889 634 3939 sqq.
654 3876 823 3927 01311111.
839 3878 862 3924 9.
878 3878 937 3925 1366
954 3876 972 3924 b
987 3877 1027 3925 31.

163 3955 186 4002 3.
205 3952 265 4004 ott.
280 3953 338 4004 Nic.
354 3955 381 4003 E.
398 3957 420 4003 5.
431 3957 491 4004 1133
505 3955 569 4016 1131,
582 3957 621 4004 32.
635 3955 713 4005 Hunc
725 3956 813 4006 locum
824 3958 854 4006 D.
864 3956 958 4007 Thom.
968 3955 1040 4020 (11111.
1049 3957 1079 4006 V.
1091 3956 1119 4006 L.
1131 3955 1175 4018 lV,

130 4032 182 4098 §a)
201 4032 239 4083 sic
259 4033 468 4098 interpretatur:
486 4052 500 4082 u
513 4049 573 4099 quae
595 4038 659 4085 sunt
678 4035 823 4086 dividendo
841 4036 913 4086 inter
928 4036 1032 4099 eosqui
1050 4050 1171 4086 commu·
