2948 5212
466 1303 590 1364 CAPUT
616 1301 824 1364 SECUNDUM

439 1529 442 1534 ¹
512 1560 545 1600 un
566 1559 632 1602 sunu
652 1557 786 1600 unnunnn

114 1785 118 1792 '
169 1786 211 1844 Ex
229 1783 326 1860 primo
342 1788 446 1843 nostro
461 1783 560 1859 capite
577 1783 715 1858 sequitur
727 1782 758 1840 id
772 1785 883 1841 natura
895 1781 996 1856 juberi
1010 1779 1056 1840 vel
1071 1780 1167 1840 vetari

128 1893 212 1968 quod
225 1891 344 1950 ratione
356 1891 460 1965 juberi
477 1889 525 1949 vel
550 1889 646 1949 vetari
662 1889 814 1965 plerisque
836 1888 1013 1948 horninibus
1037 1888 1166 1946 videtur.

130 1999 208 2070 Quid
227 2016 299 2058 vero
314 1998 434 2057 ratione
453 1997 581 2072 juhetur
595 2000 648 2056 aut
664 1996 807 2056 vetatur?

647 2319 658 2376 l

174 2531 258 2591 luris
275 2529 426 2589 naturalis
450 2531 525 2588 duas
551 2530 669 2606 species
688 2529 866 2590 Aristoteles
889 2531 1044 2590 distinxit:
1069 2532 1172 2591 distri-

132 2637 274 2697 butivam
297 2636 415 2696 scilieet
434 2641 465 2696 et
488 2636 689 2696 correctivum
701 2637 855 2710 justitiam
871 2635 919 2717 (τὸ
942 2637 1127 2716 δικνεμητικόν
1143 2643 1174 2698 61

133 2742 166 2803 τὸ
179 2741 346 2825 διορθωτικὸν
361 2743 461 2803 δίκαιον
472 2741 510 2823 ¹).

167 2985 190 3030 l.
209 2979 270 3030 huz.
292 2981 348 3030 Nle.
369 2981 436 3030 115.
460 2981 549 3029 11301)
565 2983 592 3030 31
612 2995 671 3044 sqq.
695 2986 849 3045 Διορθωτικόν
870 2982 954 3032 latine
975 2996 1023 3045 per
1044 2999 1057 3028 u
1072 2997 1174 3032 conrec-

99 3088 104 3097 ·
136 3062 221 3111 tivum
239 3077 251 3107 n
264 3060 412 3110 reddimus.
427 3089 459 3097 -
475 3061 601 3111 Nonnulli
622 3062 740 3111 scrihere
762 3064 868 3112 solent:
891 3080 905 3108 α
920 3063 1141 3112 eoinnintutivuui
1160 3082 1173 3109 n

136 3144 179 3206 (l).
195 3141 288 3191 Thom.
305 3143 374 3203 Aqu.
390 3140 449 3191 Elh.
469 3141 574 3203 Vllect.
587 3141 643 3205 vll,
659 3146 671 3201 ἓ
686 3157 714 3204 a;
735 3143 888 3207 Ueherweg‚
906 3142 1020 3193 Grundn
1038 3143 1065 3192 d.
1083 3143 1174 3194 Gescli.

136 3223 164 3271 d.
176 3220 255 3282 luit,
265 3225 277 3280 ἓ
287 3223 326 3281 50,
340 3221 361 3268 8.
375 3221 454 3282 null,
465 3236 490 3270 v.
505 3222 525 3282 Ι,
535 3236 561 3284 p.
576 3223 631 3286 236)
644 3236 649 3268 :
660 3223 715 3285 qui,
729 3237 789 3272 cun]
806 3222 960 3288 intelligunt
969 3232 995 3275 τὸ
1005 3226 1083 3283 ἐντοῖς
1094 3229 1175 3275 συναλ-

136 3302 397 3366 λάγμασιδιορθωτικόν
410 3303 479 3364 (1131
488 3316 503 3350 a
512 3303 535 3365 1)
548 3302 620 3351 idem
634 3301 824 3364 significarent:
837 3304 1174 3366 «Justitiaminooinmuta-

137 3383 257 3432 tionibus
265 3381 421 3431 directivan]
429 3399 443 3427 n
451 3382 491 3444 (V.
498 3382 637 3444 antiquam
644 3382 715 3431 illam
723 3383 926 3434 translationem
937 3388 1064 3448 quanqu.
1072 3387 1174 3449 utitur),

137 3463 188 3512 hoc
201 3462 314 3512 verbum
331 3463 479 3528 διορθωτικόν
500 3463 646 3512 omittunt:
665 3462 732 3512 nihil
746 3463 819 3513 aliud
835 3464 916 3513 latine
929 3464 1022 3514 dieunt
1041 3466 1094 3514 nisi
1113 3474 1139 3517 τὸ
1155 3468 1177 3515 ἐν

137 3552 186 3604 τοῖς
201 3545 380 3606 συνιλλάγμασι
395 3543 437 3591 vel
451 3550 477 3592 τὸ
493 3545 674 3592 annullamus
690 3543 779 3594 δίκαιον
796 3543 841 3606 (cl.
857 3544 980 3593 Grotius:
999 3547 1034 3594 De
1041 3546 1104 3610 jure
1117 3546 1178 3596 belli

139 3604 266 3685 aepulis,
290 3623 310 3683 1,
333 3625 356 3671 l.
372 3624 404 3686 6).
424 3622 498 3672 lude
513 3623 594 3685 quod,
615 3625 644 3672 ut
663 3623 700 3673 au
719 3623 937 3687 nenuuennurg
958 3625 1035 3687 (utu.
1052 3626 1133 3674 Beier.
1156 3642 1177 3676 z.

140 3702 220 3766 Phil,
237 3717 263 3751 v.
280 3703 327 3762 Ill,
343 3717 368 3766 p.
383 3704 453 3761 400):
470 3720 483 3748 «
496 3703 530 3752 da
548 3702 620 3752 diese
635 3703 727 3752 zweile
740 3704 788 3753 Art
804 3703 851 3752 der
865 3704 1047 3767 particularen
1061 3707 1177 3755 (1666611-

141 3783 238 3847 ligkeit
260 3783 335 3833 nicht
359 3783 490 3848 diejenige
511 3784 555 3841 ist,
577 3783 678 3833 welche
697 3784 759 3832 dem
780 3784 921 3847 gereohten
936 3785 1064 3848 Vertruge
1079 3785 1116 3833 als
1132 3785 1179 3835 dns

140 3863 359 3926 Bililungsgesetz
377 3877 436 3911 zum
461 3862 569 3912 Grunde
586 3863 658 3925 liegt,
675 3862 793 3912 sondern
810 3876 861 3912 nur
875 3862 918 3912 uie
932 3862 1091 3926 Verletzung
1106 3865 1180 3913 eines

140 3944 377 4006 vorausgesetzten
400 3943 552 4005 Vertrnges‚
578 3941 652 3992 eines
676 3944 913 4006 vorausgesetzten
936 3943 1034 3992 Rechts
1057 3943 1162 3994 hessert

144 4035 174 4073 so
188 4022 225 4072 ist
247 4015 295 4072 dei
309 4023 391 4072 Name
414 4027 594 4099 ςυναλλακτική,
611 4023 722 4088 justitio
740 4023 924 4073 commulutivu
983 4038 1014 4073 zu
1035 4023 1135 4074 weit.»
1152 4051 1183 4062 -

1025 4134 1040 4184 2
