2948 5212
607 651 641 692 nr
663 650 799 691 rnircirro
823 650 897 692 runis
1252 635 1268 692 7
1300 703 1302 707 ¹

224 777 361 837 numinis
372 778 507 838 vindicta
524 777 719 853 loquentur1.
736 777 772 835 Et
787 774 961 852 philosophi
973 776 1108 836 divinam
1126 796 1193 838 esse
1200 779 1267 854 jus-

223 885 325 943 titiam
343 885 500 944 declarant
519 901 525 944 :
543 902 646 943 nonne
665 884 839 943 Heraclitus
856 883 978 959 scripsit
995 902 1002 943 ε
1020 883 1158 964 τρέφονται
1175 886 1268 953 πάντες

223 998 247 1049 oi
264 990 423 1072 ἀνθρώπινοι
436 991 510 1071 νόμοι
525 989 576 1050 ὑπὸ
588 989 644 1058 ἑνὸς
659 1001 705 1049 τοῦ
720 990 786 1049 (talou
799 990 834 1048 ⁹?
854 1009 956 1049 nonne
977 991 1063 1050 Plato
1077 993 1115 1051 ab
1131 992 1267 1053 humana

223 1116 327 1157 veram
343 1099 460 1158 scilicet
477 1099 612 1158 divinam
634 1098 810 1173 aequitatem
827 1097 1000 1157 secrevit³?
1020 1117 1123 1158 nonne
1146 1099 1267 1159 Platoni

223 1223 319 1280 poenae
334 1224 420 1266 sacra
436 1205 587 1265 scelerum
603 1204 725 1280 piacula
741 1204 1003 1264 essevidenturl?
1020 1206 1095 1277 lmo,
1108 1205 1168 1264 nisi
1180 1207 1266 1266 Plato

223 1312 333 1371 falsam
349 1312 515 1390 imaginem
532 1312 712 1387 depinxerit,
724 1311 774 1370 ille
790 1313 975 1389 Protagoras
986 1312 1039 1387 qui
1054 1313 1090 1371 de
1105 1312 1163 1371 diis
1179 1313 1266 1389 quid-

222 1436 315 1493 quam
327 1420 427 1478 dioere
445 1419 626 1490 uolnerata
643 1418 701 1477 diis
713 1418 869 1492 justitiam
885 1417 1064 1477 hominibus
1075 1419 1180 1477 datam
1195 1438 1264 1479 esse

221 1525 386 1584 narrauit
406 1527 489 1585 Adeo
506 1525 601 1586 Graeci
614 1525 808 1584 crediderunt
820 1525 871 1600 jus
887 1524 1014 1583 arbitrio
1030 1526 1158 1583 deorum
1173 1526 1266 1585 insti-

221 1636 324 1691 tutum
339 1651 406 1691 esse
420 1634 438 1690 l

263 1740 429 1798 Hominum
443 1743 548 1799 tamen
565 1739 689 1798 arbitrio
702 1739 753 1814 jus
769 1738 890 1797 institui
900 1739 1044 1814 sophistae
1061 1741 1261 1800 contendunt.

221 1846 308 1916 Quod
324 1847 348 1905 si
359 1846 482 1922 justitia
497 1847 528 1904 in
546 1849 649 1904 mente
667 1849 772 1904 nostra
795 1825 905 1905 natura
919 1845 1013 1905 insita
1032 1850 1124 1918 esset,
1155 1849 1263 1905 eadem

221 1957 303 2011 essct
319 1953 472 2012 omnibus.
495 1954 558 2012 lmo
574 1955 607 2011 τὰ
622 1953 713 2011 tunic
729 1952 810 2031 (quae
840 1971 909 2010 oum
934 1952 1057 2027 scripsit
1084 1951 1263 2012 Aristoteles

218 2077 328 2118 nonne·
340 2060 548 2135 sophistarum
561 2063 745 2136 argumenta
757 2059 889 2118 breviter
904 2059 1008 2118 retulit
1017 2057 1047 2138 l)
1065 2057 1194 2131 τοσνύτην
1208 2060 1264 2132 ’ἑχει

220 2169 345 2247 διαφορὰν
360 2173 404 2226 >tal
422 2167 525 2239 πλάνην
541 2165 610 2225 ὥστε
625 2166 710 2225 δοκεῖν
725 2164 799 2248 νόμῳ
816 2164 893 2244 μόνον
909 2160 986 2234 εἶναι,
1007 2164 1080 2246 φύσει
1097 2164 1124 2224 δὲ
1144 2168 1181 2244 μή
1194 2169 1216 2223 ⁶.
1239 2169 1263 2224 Α

220 2273 288 2349 lege
303 2273 397 2350 igitur
422 2274 597 2332 ducendum
619 2278 665 2332 est
681 2274 838 2332 exordium
853 2273 931 2348 juris
951 2290 957 2332 :
976 2275 1057 2347 quod
1071 2273 1205 2347 jussum,
1232 2273 1263 2330 id

216 2380 347 2452 justum.
368 2381 446 2451 Quid
460 2399 531 2440 vcro
551 2380 702 2454 jubetur?
720 2381 795 2438 'lum
806 2381 994 2455 potentiores
1010 2379 1067 2437 viri
1082 2379 1261 2438 humiliores

218 2487 372 2546 mandatis
405 2488 468 2546 suis
500 2487 764 2564 parorecogrinff,
789 2490 944 2545 tumvero
973 2486 1152 2544 humiliores
1180 2486 1261 2544 inter

218 2611 251 2652 se
286 2595 464 2653 societatem
505 2595 621 2653 faciunt
658 2613 696 2653 ne
728 2593 952 2670 potentioribus
992 2611 1100 2668 parere
1144 2610 1261 2669 cogan-

217 2700 315 2771 tur⁸;
348 2705 415 2759 tum
447 2701 494 2759 leo
535 2700 640 2776 lepora
672 2703 808 2772 devorat,
839 2704 905 2759 tum
937 2699 1041 2775 lepora
1072 2700 1179 2758 dentes
1194 2699 1260 2758 leo·

217 2807 267 2888 nis
282 2807 414 2866 limant:
439 2808 502 2865 lunc
521 2812 567 2866 est
582 2808 752 2879 hominum,
775 2806 826 2865 illa
844 2810 960 2865 natura
985 2806 1117 2882 justitia.
1142 2805 1260 2882 Vulgus

217 2916 334 2972 nutura
350 2914 450 2990 legem
465 2913 651 2988 injustitiam
673 2918 774 2984 vocat,
788 2914 841 2972 sed
868 2913 946 2971 nihil
961 2912 1043 2972 aliud
1071 2915 1117 2971 cst
1140 2912 1261 2988 justitia

252 3119 274 3164 l.
292 3118 376 3164 l'oelrr
394 3116 472 3179 lyrici
484 3117 571 3179 praeci.
589 3117 699 3184 Recens.
716 3116 762 3164 Th.
779 3116 875 3179 Bergk.
893 3116 983 3174 Solon,
1000 3115 1096 3178 fragm.
1114 3117 1151 3163 13.

249 3200 272 3245 2.
291 3199 449 3258 Frupmento
463 3197 558 3260 philos.
574 3212 652 3260 praec.
677 3198 728 3259 (td.
745 3197 882 3260 1116116611),
904 3197 937 3247 sr.
959 3198 998 3245 19.
1016 3196 1089 3246 Stoh.
1105 3195 1198 3244 Floril.
1214 3196 1260 3245 111,

217 3280 256 3325 81.

248 3361 270 3406 3.
290 3359 368 3419 16968
388 3359 431 3419 Vl,
447 3360 491 3406 iti
507 3358 540 3406 h:
559 3365 642 3413 ...τὴν
665 3359 688 3406 δὲ
706 3360 864 3414 ἀληθεστάτην
888 3365 929 3408 καὶ
948 3360 1042 3424 ἀρίστην
1066 3361 1163 3414 ἰσότητα
1178 3359 1254 3407 οὐκέτι

211 3440 299 3503 ῥᾴδιον
311 3445 380 3487 παντὶ
397 3440 462 3487 ἰδεῖν.
478 3446 531 3497 Διὸς
549 3446 596 3502 γὰρ
611 3441 639 3494 δὴ
651 3445 726 3503 κρίσις
742 3441 822 3488 ἐστι’...

249 3523 273 3567 4.
290 3521 368 3583 Lepos
387 3521 429 3580 lx,
448 3521 492 3567 865
504 3520 530 3581 b,
544 3535 567 3569 c.
581 3520 619 3569 Cl.
635 3521 793 3581 Thonisson‚
807 3535 849 3583 op.
861 3520 916 3583 cic,
935 3534 961 3583 p.
978 3521 1031 3577 301,
1044 3533 1070 3568 n.
1084 3522 1108 3568 2.

249 3603 272 3647 5.
290 3601 457 3661 Protuporus‚
474 3614 500 3663 p.
516 3602 560 3648 322
573 3614 597 3648 c.

248 3683 271 3727 6.
289 3679 352 3728 11111.
367 3681 422 3727 Nic.
440 3680 470 3728 Α.
483 3683 505 3729 l.
521 3681 610 3728 18811)
627 3682 705 3728 13-
720 3681 756 3729 Cl.
773 3681 920 3742 Platonem,
938 3681 1025 3743 Lepon,
1041 3681 1072 3742 X,
1089 3681 1133 3729 888
1150 3694 1171 3729 6.

247 3763 270 3807 l.
290 3760 372 3821 Plato,
388 3760 451 3819 civ„
464 3761 483 3818 l,
498 3774 524 3823 p.
536 3762 580 3810 338
597 3776 628 3811 c:
645 3769 703 3828 φημὶ
722 3768 769 3826 γὰρ
785 3763 839 3825 ἐγὼ,
859 3761 948 3824 inquit
962 3760 1187 3824 Thrasymachus
1198 3759 1257 3810 εἶναι

215 3849 242 3890 τὸ
261 3843 352 3890 δίκαιον
362 3842 402 3890 οὐκ
418 3841 473 3892 ἄλλο
488 3862 511 3890 τι
524 3844 537 3897 ἦ
551 3848 628 3892 τὸτοῦ
645 3853 774 3906 κρείττονος
789 3847 913 3907 ξυμφέρον.
930 3841 967 3890 Cl.
981 3843 1067 3906 16963,
1084 3842 1127 3902 lV,
1143 3855 1170 3904 p.
1187 3844 1259 3890 illc

218 3923 244 3969 rt
259 3935 299 3982 sq.

250 4004 273 4049 8.
293 4002 408 4064 Gorpius³
421 4016 447 4065 p.
464 4002 537 4050 4831)
551 4004 576 4051 61
593 4016 652 4065 sqq.
