2948 5212
590 623 625 665 on
647 622 782 665 rnmcrrro
803 622 879 665 Juurs
1238 603 1255 664 9

217 746 378 824 indulgent
402 748 507 807 utrix
532 747 654 823 injustae
679 748 738 807 dici
767 747 898 823 possint.
921 748 1095 825 AEdificium
1115 747 1254 822 justitiae,

217 853 339 914 etiamsi
356 855 439 914 nullo
458 855 517 915 alio
531 856 732 914 fundamento
743 855 903 928 niteretur,
918 874 980 914 non
994 859 1106 915 rueret.
1119 855 1256 915 Alterum
1278 838 1283 847 ’

216 964 321 1019 tamen
336 961 394 1019 hoc
410 965 456 1020 est
468 961 546 1036 juris
558 962 757 1038 principium:
774 966 857 1035 sunt,
872 966 980 1038 praeter
997 963 1160 1035 humanas,
1177 981 1258 1039 quae-

217 1068 287 1126 dam
299 1067 444 1126 omnihus
455 1068 633 1128 civitatibus
646 1085 825 1128 communes
838 1068 922 1146 leges
938 1086 1025 1145 quas,
1039 1067 1179 1144 quamvis
1193 1086 1256 1126 non

217 1173 384 1248 scripserit,
401 1174 473 1233 tulit
486 1178 591 1233 tamen
604 1176 678 1234 deus
687 1175 706 1232 ¹.
726 1175 847 1251 Duplici
859 1175 954 1254 igitur
971 1194 987 1234 e
1002 1175 1107 1251 stirpe,
1120 1175 1257 1234 humana

217 1279 335 1339 scilicet
351 1284 381 1340 et
396 1280 510 1353 divina,
524 1281 648 1355 justitia
664 1281 771 1340 oritur.

256 1391 351 1447 Nemo
366 1391 435 1463 post
456 1387 625 1461 Socratem,
643 1389 849 1464 Xenophonte
860 1389 870 1423 ²
883 1392 988 1447 tamen
1011 1392 1149 1463 excepto,
1162 1386 1255 1462 justi-

216 1496 292 1554 tiam
307 1499 337 1554 et
353 1493 474 1571 legibus
496 1495 640 1554 humanis
665 1500 695 1554 et
716 1494 838 1573 legibus
862 1495 973 1554 divinis
997 1495 1171 1554 institutam
1188 1499 1260 1554 esse‘

217 1599 347 1660 censuit.
372 1599 431 1659 Sed
459 1600 596 1676 plerique
621 1618 690 1659 oum
716 1600 901 1660 sententiam
927 1600 1134 1676 sophistarum
1155 1618 1255 1676 neque

217 1707 342 1766 omnino
360 1725 465 1792 veram
488 1725 588 1783 neque
612 1707 735 1767 omnino
762 1707 872 1768 salsam
897 1707 990 1768 luisse
1014 1707 1253 1783 suspicarentur,

212 1814 368 1888 justitiam
393 1832 429 1873 ex
458 1818 526 1872 ortu
548 1814 652 1873 divino
684 1814 876 1874 emanavisse
899 1817 1100 1892 negaverunt,
1128 1813 1256 1888 justitiae

215 1938 287 1980 vero
311 1920 476 1980 maximam
502 1921 717 1981 auctoritatem
741 1921 925 1981 tribuerunt.
956 1921 1146 1981 Democritus
1173 1920 1256 1980 enim

214 2045 275 2103 quo
293 2030 383 2103 pacto
401 2044 453 2086 eas
479 2026 564 2105 leges
582 2030 794 2087 contemneret
808 2046 884 2103 quas
906 2027 998 2087 utiles
1018 2030 1049 2086 et
1065 2028 1255 2087 necessarias

216 2153 283 2194 esse
297 2115 552 2212 agnoscit3‘l'sed
570 2154 630 2211 uuo
652 2138 753 2211 paeto,
771 2153 841 2194 cum
867 2135 949 2211 apud
973 2153 1042 2194 eum
1061 2133 1140 2193 nihil
1152 2134 1256 2193 divina

216 2242 463 2315 voluntatefiat,
491 2242 596 2303 divina
619 2241 777 2302 voluntate
801 2242 853 2316 jus
879 2245 995 2302 lactum
1021 2259 1089 2302 esse
1115 2241 1255 2302 diceret?

215 2349 415 2409 Antisthenes
446 2353 561 2421 antem,
583 2353 617 2408 ut
648 2349 802 2424 sophista,
832 2349 875 2409 sio
899 2349 984 2427 leges
1007 2348 1168 2408 hominum
1190 2349 1254 2424 ple-

216 2475 345 2531 rumque
368 2460 484 2517 naturae
510 2474 681 2533 repugnare
703 2456 877 2516 existimat:
902 2473 1005 2516 nonne
1029 2455 1125 2515 invita
1144 2460 1256 2516 natura

216 2564 265 2623 lex
282 2563 422 2623 homines
443 2563 620 2623 hominihus
634 2563 782 2623 inservire
795 2563 909 2638 jubet?
926 2563 979 2622 ubi
1001 2563 1157 2622 civitatem
1172 2562 1256 2622 illam

217 2689 341 2730 cernere
356 2689 519 2746 possumus
535 2672 623 2747 eujus
638 2670 723 2749 leges
733 2671 784 2745 jus
801 2671 942 2731 naturale
967 2669 1151 2730 imitentur?
1169 2671 1256 2741 Quod
1334 2726 1338 2733 .

216 2797 279 2836 non
292 2777 350 2851 his,
364 2778 550 2853 utsophistae
565 2778 728 2850 docebant,
748 2777 799 2854 qui
820 2778 986 2838 maximam
1001 2777 1182 2854 potentiam,
1202 2778 1256 2837 sed

216 2884 278 2944 illis
294 2885 345 2960 qui
360 2885 527 2943 maximam
544 2885 689 2944 virtutem
714 2888 970 2960 comparaverunt
990 2885 1102 2944 lavetl.
1123 2885 1160 2944 Et
1183 2884 1256 2959 qnia

216 2992 329 3052 virtute
339 2993 391 3067 jus
408 2991 483 3051 illud
501 2991 639 3052 naturale
657 2991 774 3065 nititur,
792 2991 865 3068 quid
888 3010 964 3068 opus
982 2996 1029 3051 est
1054 2992 1158 3052 divino
1181 3010 1255 3068 qrro-

216 3099 287 3157 dam
312 3099 485 3175 principio?
503 3102 660 3176 -Neque
679 3098 815 3159 divinam
832 3118 933 3176 neque
959 3099 1068 3160 falsam
1087 3102 1139 3160 sed
1162 3104 1254 3159 natu-

216 3205 312 3264 ralem
347 3223 415 3266 esse
443 3202 598 3282 justitiam
627 3205 820 3266 Democritus
839 3203 883 3266 'et
914 3207 1114 3267 Antisthenes
1141 3205 1254 3267 dixisse

217 3312 369 3372 videntur.

251 3575 271 3620 l.
289 3572 373 3633 Mem,
390 3571 433 3633 IV,
449 3574 472 3634 4,
485 3575 497 3632 ἓ
512 3573 588 3621 19-25.

248 3654 271 3700 2.
290 3651 391 3716 Cyrup,
406 3653 427 3712 l,
443 3655 465 3711 3,
481 3653 519 3702 ll.

249 3735 273 3781 3.
290 3733 395 3795 Fropm.
416 3731 512 3794 philos.
528 3747 616 3796 pocae,
631 3732 673 3782 ed.
689 3732 814 3783 Mullach.
830 3760 861 3770 -
882 3734 1005 3783 Demoor.
1028 3733 1124 3796 fragm.
1140 3734 1254 3784 moral:

217 3813 251 3862 lr.
270 3815 327 3872 1973
340 3812 375 3862 cl.
388 3814 440 3874 189,
457 3816 508 3862 eto.

250 3895 273 3940 l.
292 3892 365 3957 Diog.
382 3894 479 3955 Lucri„
493 3894 537 3953 Vl,
554 3895 575 3955 l,
589 3896 615 3942 ll
629 3908 634 3942 ε
650 3900 689 3944 τὸν
701 3897 771 3959 σοφὸν
787 3896 812 3946 οὔ
824 3895 887 3946 κατὰ
901 3901 952 3954 τοὺς
962 3901 1080 3961 κειμένους
1089 3901 1171 3962 νόμους
1188 3898 1256 3948 πολι·
1319 3900 1323 3909 ’

218 3976 349 4034 teleneu,
364 3976 423 4024 ἀλλὰ
434 3980 494 4025 κατὰ
506 3977 547 4025 τὸν
562 3983 603 4033 τῆς
619 3977 711 4040 ἀρετῆς.
