2948 5212
500 656 535 698 on
556 657 691 699 reincirro
712 657 787 699 roris
1124 642 1159 702 15

121 785 252 861 exempli
281 784 391 863 gratio,
418 786 582 859 postquam
609 782 690 857 apud
714 781 912 841 Aristotelem
938 783 1015 859 legit
1043 805 1057 836 o
1081 802 1161 859 quae-

121 893 191 951 dam
221 893 291 968 jura
312 890 466 951 naturalia
485 907 547 948 non
570 907 638 948 esse
667 889 721 947 sed
749 890 911 947 humana»
934 887 983 969 (et
1006 889 1045 968 μὴ
1063 893 1161 969 φυσικὰ

120 996 184 1058 ἀλλ’
205 995 356 1080 ἀνθρώπινα
376 997 499 1057 ttrite...
520 994 557 1075 ¹),
588 996 668 1054 hanc
694 995 979 1070 interpretationem
1011 997 1157 1072 scripsit:

122 1128 137 1160 <‹
154 1106 210 1164 Hie
227 1105 293 1181 ipse
310 1105 491 1164 Aristoteles
513 1102 648 1161 deolorot
663 1103 736 1176 quid
763 1102 837 1160 velit
854 1102 985 1179 intelligi
1002 1121 1072 1162 curn
1087 1104 1161 1163 dioit

117 1212 169 1286 jus
187 1212 342 1284 divinun13
361 1229 432 1270 eum
463 1209 546 1268 enini
573 1209 708 1267 humana
727 1210 797 1283 jura
822 1209 882 1266 sint
907 1227 969 1267 non
995 1211 1158 1285 naturalia,

119 1318 273 1378 naturalia
291 1318 428 1393 sequitur
443 1321 477 1375 ut
492 1316 554 1376 sint
569 1315 682 1386 divina,
703 1315 824 1374 etiarnsi
839 1315 878 1374 ab
894 1316 1071 1375 horninibus
1086 1336 1160 1393 pos-

121 1425 183 1484 sint
211 1424 343 1500 perverti
354 1425 376 1482 2.
387 1447 401 1478 »
430 1425 469 1482 At
493 1423 546 1480 ubi
569 1420 750 1481 Aristoteles
770 1445 784 1476 «
798 1422 851 1495 J‘us
866 1422 1005 1481 divinum
1025 1447 1039 1478 ν
1058 1425 1161 1486 dixit?

120 1530 279 1590 Naturalia
303 1532 366 1589 haee
378 1531 451 1604 jura
465 1532 555 1587 vocat
568 1546 634 1603 quae
659 1530 827 1587 seeundum
852 1533 1006 1599 naturam,
1025 1532 1161 1591 humana

119 1638 171 1696 illo
187 1656 252 1713 quae
272 1633 320 1696 ex'
333 1636 460 1696 libidine
482 1635 641 1693 lroniinuni
665 1635 895 1708 instituuntur;
920 1637 974 1694 sed
1001 1639 1036 1695 de
1055 1638 1160 1698 divino

121 1746 252 1819 quodam
257 1743 327 1818 jure
335 1743 413 1801 nihil
422 1743 478 1802 sori
484 1742 554 1817 psit.
569 1743 633 1800 lrno
643 1730 708 1817 qnae
720 1742 755 1800 de
767 1743 858 1800 rebus
866 1742 977 1802 divinis
994 1745 1162 1819 apudllris-

119 1850 245 1910 toteleni
263 1850 394 1927 legimus
416 1868 451 1909 ea
469 1868 525 1908 nos
546 1849 717 1924 impediunt
730 1849 804 1924 quin
823 1848 965 1908 lliolielet
983 1868 1158 1925 sequantur.

120 1959 197 2016 Nam
211 1957 288 2015 nihil
303 1957 335 2015 in
350 1958 441 2016 rebus
455 1956 567 2014 divinis
583 1958 735 2027 mutatum
750 1955 853 2014 omnio
869 1960 981 2015 aeterno
993 1960 1158 2017 manent³:

120 2063 277 2123 naturalia
302 2067 405 2123 autern
427 2064 508 2139 juro,
528 2063 586 2122 etsi
608 2062 787 2138 plerumque
813 2063 978 2123 immutato
1002 2065 1159 2139 reperiun-

121 2173 180 2241 tur,
197 2174 310 2229 aeterna
324 2170 384 2228 diei
401 2189 463 2228 non
486 2172 615 2244 possunt
632 2187 638 2227 :
665 2187 737 2245 ergo
752 2168 832 2227 inter
849 2169 951 2228 divina
968 2188 1031 2229 non
1049 2190 1160 2231 nurne-

122 2279 239 2334 rantur.

162 2383 225 2441 Hoe
252 2381 333 2441 idern
356 2381 415 2441 alio
448 2383 580 2457 quodam
606 2380 779 2439 Aristotelis
800 2380 879 2452 loeo,
909 2400 1000 2456 quem
1019 2384 1161 2444 Miehelet

120 2486 244 2551 laudare
271 2489 433 2563 potuisset,
466 2469 916 2562 demonstrabimusssscripsit
944 2489 1026 2547 enirn
1057 2490 1158 2565 philo-

122 2595 236 2668 sophus
258 2598 381 2652 noster:
407 2599 420 2651 δ
446 2591 492 2671 μὲν
507 2595 549 2652 οὖν
572 2591 617 2651 τὸν
634 2591 714 2671 νόμον
727 2594 840 2652 κελεύων
855 2591 944 2674 ἄρχειν
961 2594 1032 2653 δοκεῖ
1047 2594 1159 2656 κελεύειν

121 2699 165 2758 τὸν
203 2698 344 2759 ow.
382 2703 491 2759 Nonne
528 2699 702 2776 intelligitis
738 2700 819 2758 idern
851 2701 932 2775 apud
964 2702 1160 2762 Aristotelem

123 2830 137 2861 κ
165 2806 266 2884 legens
290 2830 305 2861 »
340 2812 371 2866 et
401 2831 416 2861 o
443 2809 534 2866 denrn
559 2830 573 2861 ν
607 2807 817 2883 significare?
844 2809 951 2866 Nonne
981 2809 1160 2870 Aristoteles

120 2911 220 2993 legem
236 2932 253 2972 a
268 2914 331 2972 Deo
345 2917 480 2973 orentnrn
498 2931 566 2972 esse
584 2913 704 2972 censuit
718 2913 732 2970 ‘t
749 2915 788 2971 At
806 2913 963 2990 integrum
978 2914 1080 2974 looum
1094 2915 1160 2976 lou-

120 3019 226 3077 demus
245 3037 252 3078 :
271 3025 285 3078 ὁ
302 3018 348 3098 μὲν
364 3021 408 3079 οὗν
422 3017 555 3099 τὸννόμον
574 3021 687 3078 κελεύων
704 3018 795 3099 ἄρχειν
817 3022 888 3078 δοκεῖ
904 3021 1019 3079 κελεύειν
1039 3020 1085 3080 τὸν
1103 3021 1160 3082 θεὸν

119 3124 164 3183 καὶ
189 3124 234 3184 τὸν
251 3137 310 3186 νοῦν
326 3150 427 3205 μονους,
446 3125 478 3201 ἐν’Ι
499 3124 528 3184 δ’
545 3125 683 3207 ἄνθρωπον
695 3124 817 3199 Ικελεύων
826 3132 976 3206 προστίθησι
987 3127 1041 3187 καὶ
1059 3129 1158 3210 θηρίον.

118 3234 217 3308 Atque
233 3234 312 3293 intra
325 3251 331 3293 :
344 3232 435 3314 διόπερ,
445 3232 503 3293 ἄνευ
518 3227 701 3314 ὀρέξεωςνοῦς
716 3239 730 3292 ὀ
744 3232 822 3314 νόμος
843 3235 938 3294 ,ἐστὶν
958 3237 1045 3294 Nune
1062 3236 1160 3295 cerni-

121 3442 264 3494 Aristotele
281 3447 382 3508 tengon
395 3445 481 3494 sermo
496 3444 540 3494 nol
555 3447 678 3494 conoetto
696 3445 744 3494 ohe
759 3445 777 3493 il
793 3445 893 3504 dirimo,
910 3445 1016 3495 olmeno
1031 3445 1059 3496 in
1073 3449 1158 3510 parte,

120 3537 134 3571 e
150 3523 176 3571 di
190 3525 292 3586 origine
306 3525 405 3584 divino,
421 3540 435 3574 e
448 3526 497 3574 ohe
509 3526 528 3574 il
542 3526 633 3574 diritto
645 3539 733 3574 messo
747 3526 776 3574 in
787 3539 875 3576 essere
888 3525 958 3575 dallo
970 3527 1043 3576 Stoto
1054 3540 1110 3576 non
1121 3528 1160 3576 sio

120 3602 169 3652 che
184 3617 221 3652 un
233 3605 338 3655 rissesso
348 3606 375 3654 di
389 3606 478 3667 quello
494 3606 594 3654 divino.
610 3623 624 3652 ν

152 3685 173 3730 l.
192 3685 322 3734 moloc.
342 3685 370 3733 E.
386 3689 423 3735 lt.
442 3687 569 3734 risten

151 3764 174 3810 2.
193 3764 252 3812 oto.
269 3766 334 3827 Nlo,
349 3767 389 3814 ed.
402 3766 535 3826 Nliohelet,
549 3766 603 3814 vol.
619 3766 652 3828 ll,
668 3781 695 3831 p.
711 3767 763 3814 183.

152 3843 174 3890 3.
196 3845 229 3892 De
249 3845 337 3894 Anim.
359 3861 446 3908 grener.
472 3847 498 3895 B.
524 3850 545 3894 l.
572 3847 649 3895 'l3tb
671 3849 719 3894 24:
788 3853 819 3897 rat
836 3853 878 3911 μὲν
900 3848 968 3896 ἀΐδια
988 3854 1027 3896 καὶ
1044 3851 1096 3898 teto<
1114 3857 1160 3899 τῶν

122 3941 202 3972 θνῒων.

152 4005 175 4051 l.
194 4004 249 4052 rot.
264 4012 291 4055 Γ.
306 4008 343 4054 lt.
361 4008 420 4055 1287
433 4021 448 4056 a
463 4008 503 4056 28.
