<?xml version="1.0" encoding="UTF-8"?>
<!DOCTYPE html PUBLIC "-//W3C//DTD XHTML 1.0 Transitional//EN"
    "http://www.w3.org/TR/xhtml1/DTD/xhtml1-transitional.dtd">
<html xmlns="http://www.w3.org/1999/xhtml" xml:lang="en" lang="en">
 <head>
  <title>
</title>
<meta http-equiv="Content-Type" content="text/html;charset=utf-8" />
  <meta name='ocr-system' content='tesseract 3.04.00' />
  <meta name='ocr-capabilities' content='ocr_page ocr_carea ocr_par ocr_line ocrx_word'/>
</head>
<body>
  <div class='ocr_page' id='page_1' title='image "./dejustitiaapuda00lapigoog_0075.png"; bbox 0 0 2948 5212; ppageno 0'>
   <div class='ocr_carea' id='block_1_1' title="bbox 212 689 969 752">
    <p class='ocr_par' dir='ltr' id='par_1_1' title="bbox 212 689 969 752">
     <span class='ocr_line' id='line_1_1' title="bbox 212 689 969 752; baseline 0.003 -4"><span class='ocrx_word' id='word_1_1' title='bbox 212 689 250 748; x_wconf 83' lang='lat' dir='ltr'>bt]</span> <span class='ocrx_word' id='word_1_2' title='bbox 491 710 526 750; x_wconf 82' lang='lat' dir='ltr'>ua</span> <span class='ocrx_word' id='word_1_3' title='bbox 546 708 667 750; x_wconf 78' lang='lat' dir='ltr'>Jusrma</span> <span class='ocrx_word' id='word_1_4' title='bbox 688 708 759 750; x_wconf 75' lang='lat' dir='ltr'>arun</span> <span class='ocrx_word' id='word_1_5' title='bbox 782 709 969 752; x_wconf 76' lang='lat' dir='ltr'>arusrorrmu</span> 
     </span>
    </p>
   </div>
   <div class='ocr_carea' id='block_1_2' title="bbox 210 832 1257 3360">
    <p class='ocr_par' dir='ltr' id='par_1_2' title="bbox 212 832 1253 1000">
     <span class='ocr_line' id='line_1_2' title="bbox 214 832 1253 909; baseline 0.004 -20"><span class='ocrx_word' id='word_1_6' title='bbox 214 835 382 890; x_wconf 80' lang='lat' dir='ltr'>truantur¹.</span> <span class='ocrx_word' id='word_1_7' title='bbox 402 833 451 891; x_wconf 88' lang='lat' dir='ltr'>Sie</span> <span class='ocrx_word' id='word_1_8' title='bbox 475 833 569 904; x_wconf 78' lang='lat' dir='ltr'>enim,</span> <span class='ocrx_word' id='word_1_9' title='bbox 596 832 682 892; x_wconf 83' lang='lat' dir='ltr'>salva</span> <span class='ocrx_word' id='word_1_10' title='bbox 701 834 822 908; x_wconf 90' lang='lat' dir='ltr'>justitia</span> <span class='ocrx_word' id='word_1_11' title='bbox 850 833 1057 905; x_wconf 81' lang='lat' dir='ltr'>distributiva,</span> <span class='ocrx_word' id='word_1_12' title='bbox 1075 852 1184 893; x_wconf 87' lang='lat' dir='ltr'>amnes</span> <span class='ocrx_word' id='word_1_13' title='bbox 1200 833 1253 909; x_wconf 87' lang='lat' dir='ltr'>jus</span> 
     </span>
     <span class='ocr_line' id='line_1_3' title="bbox 212 939 710 1000; baseline 0 -2"><span class='ocrx_word' id='word_1_14' title='bbox 212 939 380 998; x_wconf 75' lang='lat' dir='ltr'>liberaliter</span> <span class='ocrx_word' id='word_1_15' title='bbox 394 940 516 999; x_wconf 87' lang='lat' dir='ltr'>vivendi</span> <span class='ocrx_word' id='word_1_16' title='bbox 531 941 710 1000; x_wconf 89' lang='lat' dir='ltr'>tuebuntur.</span> 
     </span>
    </p>

    <p class='ocr_par' dir='ltr' id='par_1_3' title="bbox 210 1046 1257 2700">
     <span class='ocr_line' id='line_1_4' title="bbox 252 1046 1252 1124; baseline 0.001 -20"><span class='ocrx_word' id='word_1_17' title='bbox 252 1046 372 1106; x_wconf 85' lang='lat' dir='ltr'>Divitiis</span> <span class='ocrx_word' id='word_1_18' title='bbox 389 1047 469 1106; x_wconf 86' lang='lat' dir='ltr'>inter</span> <span class='ocrx_word' id='word_1_19' title='bbox 486 1048 569 1108; x_wconf 86' lang='lat' dir='ltr'>cives</span> <span class='ocrx_word' id='word_1_20' title='bbox 584 1048 691 1107; x_wconf 91' lang='lat' dir='ltr'>divisis</span> <span class='ocrx_word' id='word_1_21' title='bbox 709 1048 761 1107; x_wconf 89' lang='lat' dir='ltr'>alii</span> <span class='ocrx_word' id='word_1_22' title='bbox 776 1051 858 1107; x_wconf 82' lang='lat' dir='ltr'>reate</span> <span class='ocrx_word' id='word_1_23' title='bbox 877 1048 929 1107; x_wconf 92' lang='lat' dir='ltr'>alii</span> <span class='ocrx_word' id='word_1_24' title='bbox 951 1048 1084 1124; x_wconf 84' lang='lat' dir='ltr'>pessime</span> <span class='ocrx_word' id='word_1_25' title='bbox 1108 1051 1252 1107; x_wconf 89' lang='lat' dir='ltr'>utuntur.</span> 
     </span>
     <span class='ocr_line' id='line_1_5' title="bbox 213 1154 1256 1233; baseline 0.002 -22"><span class='ocrx_word' id='word_1_26' title='bbox 213 1157 306 1212; x_wconf 83' lang='lat' dir='ltr'>Recte</span> <span class='ocrx_word' id='word_1_27' title='bbox 330 1155 430 1214; x_wconf 85' lang='lat' dir='ltr'>nlfieio</span> <span class='ocrx_word' id='word_1_28' title='bbox 458 1174 512 1213; x_wconf 86' lang='lat' dir='ltr'>suo</span> <span class='ocrx_word' id='word_1_29' title='bbox 539 1156 650 1215; x_wconf 90' lang='lat' dir='ltr'>divites</span> <span class='ocrx_word' id='word_1_30' title='bbox 677 1156 759 1215; x_wconf 91' lang='lat' dir='ltr'>eives</span> <span class='ocrx_word' id='word_1_31' title='bbox 783 1158 956 1233; x_wconf 83' lang='lat' dir='ltr'>funguntur</span> <span class='ocrx_word' id='word_1_32' title='bbox 976 1156 1029 1231; x_wconf 82' lang='lat' dir='ltr'>qui</span> <span class='ocrx_word' id='word_1_33' title='bbox 1056 1174 1119 1214; x_wconf 88' lang='lat' dir='ltr'>non</span> <span class='ocrx_word' id='word_1_34' title='bbox 1152 1154 1256 1214; x_wconf 87' lang='lat' dir='ltr'>solum</span> 
     </span>
     <span class='ocr_line' id='line_1_6' title="bbox 211 1259 1256 1334; baseline 0.001 -17"><span class='ocrx_word' id='word_1_35' title='bbox 211 1260 458 1334; x_wconf 82' lang='lat' dir='ltr'>temperantiam,</span> <span class='ocrx_word' id='word_1_36' title='bbox 476 1265 509 1319; x_wconf 93' lang='lat' dir='ltr'>ut</span> <span class='ocrx_word' id='word_1_37' title='bbox 525 1261 645 1320; x_wconf 88' lang='lat' dir='ltr'>Platoni</span> <span class='ocrx_word' id='word_1_38' title='bbox 665 1261 836 1334; x_wconf 89' lang='lat' dir='ltr'>videbatur,</span> <span class='ocrx_word' id='word_1_39' title='bbox 852 1261 1010 1320; x_wconf 84' lang='lat' dir='ltr'>sedetiam</span> <span class='ocrx_word' id='word_1_40' title='bbox 1033 1259 1256 1320; x_wconf 81' lang='lat' dir='ltr'>liberalitatem</span> 
     </span>
     <span class='ocr_line' id='line_1_7' title="bbox 212 1365 1257 1442; baseline 0.001 -19"><span class='ocrx_word' id='word_1_41' title='bbox 212 1365 347 1424; x_wconf 76' lang='lat' dir='ltr'>colunt2.</span> <span class='ocrx_word' id='word_1_42' title='bbox 374 1366 508 1425; x_wconf 88' lang='lat' dir='ltr'>Pessime</span> <span class='ocrx_word' id='word_1_43' title='bbox 530 1370 634 1426; x_wconf 89' lang='lat' dir='ltr'>antem</span> <span class='ocrx_word' id='word_1_44' title='bbox 660 1369 712 1442; x_wconf 83' lang='lat' dir='ltr'>qui</span> <span class='ocrx_word' id='word_1_45' title='bbox 734 1368 858 1426; x_wconf 91' lang='lat' dir='ltr'>divitias</span> <span class='ocrx_word' id='word_1_46' title='bbox 880 1385 952 1426; x_wconf 89' lang='lat' dir='ltr'>suas</span> <span class='ocrx_word' id='word_1_47' title='bbox 973 1385 1095 1442; x_wconf 87' lang='lat' dir='ltr'>semper</span> <span class='ocrx_word' id='word_1_48' title='bbox 1107 1368 1147 1425; x_wconf 90' lang='lat' dir='ltr'>ad</span> <span class='ocrx_word' id='word_1_49' title='bbox 1165 1385 1257 1425; x_wconf 91' lang='lat' dir='ltr'>suam</span> 
     </span>
     <span class='ocr_line' id='line_1_8' title="bbox 213 1471 1255 1547; baseline 0 -18"><span class='ocrx_word' id='word_1_50' title='bbox 213 1471 401 1542; x_wconf 78' lang='lat' dir='ltr'>felicitatem,</span> <span class='ocrx_word' id='word_1_51' title='bbox 419 1491 576 1547; x_wconf 86' lang='lat' dir='ltr'>nimquam</span> <span class='ocrx_word' id='word_1_52' title='bbox 599 1474 637 1532; x_wconf 89' lang='lat' dir='ltr'>ad</span> <span class='ocrx_word' id='word_1_53' title='bbox 652 1472 817 1532; x_wconf 83' lang='lat' dir='ltr'>utilitatem</span> <span class='ocrx_word' id='word_1_54' title='bbox 839 1476 1010 1532; x_wconf 87' lang='lat' dir='ltr'>ceterarum</span> <span class='ocrx_word' id='word_1_55' title='bbox 1032 1471 1149 1530; x_wconf 83' lang='lat' dir='ltr'>civium</span> <span class='ocrx_word' id='word_1_56' title='bbox 1178 1490 1255 1530; x_wconf 88' lang='lat' dir='ltr'>eon-</span> 
     </span>
     <span class='ocr_line' id='line_1_9' title="bbox 213 1577 1256 1654; baseline 0.003 -21"><span class='ocrx_word' id='word_1_57' title='bbox 213 1580 343 1636; x_wconf 89' lang='lat' dir='ltr'>vertunt.</span> <span class='ocrx_word' id='word_1_58' title='bbox 362 1578 424 1635; x_wconf 86' lang='lat' dir='ltr'>llus</span> <span class='ocrx_word' id='word_1_59' title='bbox 441 1578 555 1637; x_wconf 89' lang='lat' dir='ltr'>divitiis</span> <span class='ocrx_word' id='word_1_60' title='bbox 572 1581 700 1651; x_wconf 89' lang='lat' dir='ltr'>nudare,</span> <span class='ocrx_word' id='word_1_61' title='bbox 724 1579 847 1639; x_wconf 90' lang='lat' dir='ltr'>illarum</span> <span class='ocrx_word' id='word_1_62' title='bbox 871 1577 994 1636; x_wconf 91' lang='lat' dir='ltr'>divitias</span> <span class='ocrx_word' id='word_1_63' title='bbox 1016 1595 1131 1654; x_wconf 85' lang='lat' dir='ltr'>augere</span> <span class='ocrx_word' id='word_1_64' title='bbox 1148 1596 1256 1637; x_wconf 89' lang='lat' dir='ltr'>nonne</span> 
     </span>
     <span class='ocr_line' id='line_1_10' title="bbox 210 1683 1253 1760; baseline 0 -19"><span class='ocrx_word' id='word_1_65' title='bbox 210 1683 327 1758; x_wconf 87' lang='lat' dir='ltr'>justum</span> <span class='ocrx_word' id='word_1_66' title='bbox 344 1683 412 1741; x_wconf 80' lang='lat' dir='ltr'>est?</span> <span class='ocrx_word' id='word_1_67' title='bbox 435 1685 526 1742; x_wconf 82' lang='lat' dir='ltr'>lteete</span> <span class='ocrx_word' id='word_1_68' title='bbox 544 1685 645 1743; x_wconf 81' lang='lat' dir='ltr'>allicio</span> <span class='ocrx_word' id='word_1_69' title='bbox 668 1703 723 1743; x_wconf 89' lang='lat' dir='ltr'>sun</span> <span class='ocrx_word' id='word_1_70' title='bbox 750 1683 859 1743; x_wconf 88' lang='lat' dir='ltr'>divites</span> <span class='ocrx_word' id='word_1_71' title='bbox 885 1683 967 1742; x_wconf 83' lang='lat' dir='ltr'>eires</span> <span class='ocrx_word' id='word_1_72' title='bbox 987 1684 1163 1760; x_wconf 82' lang='lat' dir='ltr'>funguntur</span> <span class='ocrx_word' id='word_1_73' title='bbox 1186 1684 1253 1759; x_wconf 85' lang='lat' dir='ltr'>qui,</span> 
     </span>
     <span class='ocr_line' id='line_1_11' title="bbox 213 1788 1256 1866; baseline 0.001 -20"><span class='ocrx_word' id='word_1_74' title='bbox 213 1807 281 1846; x_wconf 89' lang='lat' dir='ltr'>enm</span> <span class='ocrx_word' id='word_1_75' title='bbox 300 1806 392 1847; x_wconf 88' lang='lat' dir='ltr'>onera</span> <span class='ocrx_word' id='word_1_76' title='bbox 409 1789 604 1865; x_wconf 88' lang='lat' dir='ltr'>vectigalium</span> <span class='ocrx_word' id='word_1_77' title='bbox 619 1789 725 1866; x_wconf 86' lang='lat' dir='ltr'>gravia</span> <span class='ocrx_word' id='word_1_78' title='bbox 741 1789 904 1860; x_wconf 82' lang='lat' dir='ltr'>sustinent,</span> <span class='ocrx_word' id='word_1_79' title='bbox 923 1808 985 1847; x_wconf 90' lang='lat' dir='ltr'>nnn</span> <span class='ocrx_word' id='word_1_80' title='bbox 1005 1788 1105 1847; x_wconf 88' lang='lat' dir='ltr'>solum</span> <span class='ocrx_word' id='word_1_81' title='bbox 1124 1788 1256 1847; x_wconf 88' lang='lat' dir='ltr'>utilitati</span> 
     </span>
     <span class='ocr_line' id='line_1_12' title="bbox 213 1894 1254 1973; baseline 0.001 -20"><span class='ocrx_word' id='word_1_82' title='bbox 213 1894 325 1953; x_wconf 86' lang='lat' dir='ltr'>civium</span> <span class='ocrx_word' id='word_1_83' title='bbox 344 1895 396 1952; x_wconf 90' lang='lat' dir='ltr'>sed</span> <span class='ocrx_word' id='word_1_84' title='bbox 412 1894 504 1952; x_wconf 90' lang='lat' dir='ltr'>saluti</span> <span class='ocrx_word' id='word_1_85' title='bbox 519 1895 652 1954; x_wconf 82' lang='lat' dir='ltr'>civitatis</span> <span class='ocrx_word' id='word_1_86' title='bbox 668 1895 847 1973; x_wconf 85' lang='lat' dir='ltr'>indulgent:</span> <span class='ocrx_word' id='word_1_87' title='bbox 873 1913 976 1953; x_wconf 85' lang='lat' dir='ltr'>nonne</span> <span class='ocrx_word' id='word_1_88' title='bbox 989 1896 1109 1970; x_wconf 89' lang='lat' dir='ltr'>justum</span> <span class='ocrx_word' id='word_1_89' title='bbox 1131 1898 1181 1953; x_wconf 92' lang='lat' dir='ltr'>est</span> <span class='ocrx_word' id='word_1_90' title='bbox 1203 1895 1254 1966; x_wconf 84' lang='lat' dir='ltr'>iis,</span> 
     </span>
     <span class='ocr_line' id='line_1_13' title="bbox 213 1999 1254 2075; baseline -0.001 -17"><span class='ocrx_word' id='word_1_91' title='bbox 213 1999 239 2058; x_wconf 95' lang='lat' dir='ltr'>si</span> <span class='ocrx_word' id='word_1_92' title='bbox 263 2000 374 2059; x_wconf 75' lang='lat' dir='ltr'>divItiae</span> <span class='ocrx_word' id='word_1_93' title='bbox 398 2001 536 2075; x_wconf 80' lang='lat' dir='ltr'>quadam</span> <span class='ocrx_word' id='word_1_94' title='bbox 561 2018 739 2060; x_wconf 88' lang='lat' dir='ltr'>communes</span> <span class='ocrx_word' id='word_1_95' title='bbox 768 2001 847 2059; x_wconf 87' lang='lat' dir='ltr'>iuter</span> <span class='ocrx_word' id='word_1_96' title='bbox 871 2000 954 2059; x_wconf 89' lang='lat' dir='ltr'>eives</span> <span class='ocrx_word' id='word_1_97' title='bbox 980 2000 1152 2059; x_wconf 85' lang='lat' dir='ltr'>dividendae</span> <span class='ocrx_word' id='word_1_98' title='bbox 1177 2000 1254 2073; x_wconf 89' lang='lat' dir='ltr'>sint,</span> 
     </span>
     <span class='ocr_line' id='line_1_14' title="bbox 213 2104 1257 2183; baseline 0 -19"><span class='ocrx_word' id='word_1_99' title='bbox 213 2124 358 2183; x_wconf 87' lang='lat' dir='ltr'>maguam</span> <span class='ocrx_word' id='word_1_100' title='bbox 374 2108 491 2181; x_wconf 85' lang='lat' dir='ltr'>partem</span> <span class='ocrx_word' id='word_1_101' title='bbox 506 2106 682 2165; x_wconf 79' lang='lat' dir='ltr'>tribuere³?</span> <span class='ocrx_word' id='word_1_102' title='bbox 698 2107 763 2165; x_wconf 90' lang='lat' dir='ltr'>lma</span> <span class='ocrx_word' id='word_1_103' title='bbox 777 2106 922 2182; x_wconf 86' lang='lat' dir='ltr'>quoniam</span> <span class='ocrx_word' id='word_1_104' title='bbox 935 2105 1048 2164; x_wconf 84' lang='lat' dir='ltr'>divitiae</span> <span class='ocrx_word' id='word_1_105' title='bbox 1063 2104 1199 2178; x_wconf 83' lang='lat' dir='ltr'>civilem,</span> <span class='ocrx_word' id='word_1_106' title='bbox 1221 2109 1257 2164; x_wconf 95' lang='lat' dir='ltr'>ut</span> 
     </span>
     <span class='ocr_line' id='line_1_15' title="bbox 213 2212 1257 2288; baseline 0 -18"><span class='ocrx_word' id='word_1_107' title='bbox 213 2212 256 2271; x_wconf 90' lang='lat' dir='ltr'>ita</span> <span class='ocrx_word' id='word_1_108' title='bbox 271 2213 381 2285; x_wconf 81' lang='lat' dir='ltr'>dicam,</span> <span class='ocrx_word' id='word_1_109' title='bbox 398 2213 542 2272; x_wconf 88' lang='lat' dir='ltr'>virtutem</span> <span class='ocrx_word' id='word_1_110' title='bbox 566 2217 703 2273; x_wconf 84' lang='lat' dir='ltr'>conterre</span> <span class='ocrx_word' id='word_1_111' title='bbox 727 2214 877 2285; x_wconf 82' lang='lat' dir='ltr'>videntur,</span> <span class='ocrx_word' id='word_1_112' title='bbox 901 2213 1021 2288; x_wconf 88' lang='lat' dir='ltr'>justum</span> <span class='ocrx_word' id='word_1_113' title='bbox 1035 2216 1082 2272; x_wconf 89' lang='lat' dir='ltr'>est</span> <span class='ocrx_word' id='word_1_114' title='bbox 1099 2214 1257 2287; x_wconf 79' lang='lat' dir='ltr'>quasdam</span> 
     </span>
     <span class='ocr_line' id='line_1_16' title="bbox 213 2318 1257 2397; baseline -0.001 -20"><span class='ocrx_word' id='word_1_115' title='bbox 213 2320 411 2396; x_wconf 86' lang='lat' dir='ltr'>magistratus</span> <span class='ocrx_word' id='word_1_116' title='bbox 437 2338 473 2378; x_wconf 85' lang='lat' dir='ltr'>ex</span> <span class='ocrx_word' id='word_1_117' title='bbox 497 2320 643 2379; x_wconf 89' lang='lat' dir='ltr'>divitibus</span> <span class='ocrx_word' id='word_1_118' title='bbox 668 2321 749 2397; x_wconf 82' lang='lat' dir='ltr'>eligi.</span> <span class='ocrx_word' id='word_1_119' title='bbox 774 2322 929 2392; x_wconf 76' lang='lat' dir='ltr'>Attamen,</span> <span class='ocrx_word' id='word_1_120' title='bbox 958 2338 1000 2378; x_wconf 84' lang='lat' dir='ltr'>eae</span> <span class='ocrx_word' id='word_1_121' title='bbox 1024 2318 1168 2378; x_wconf 86' lang='lat' dir='ltr'>civitates</span> <span class='ocrx_word' id='word_1_122' title='bbox 1190 2337 1257 2377; x_wconf 88' lang='lat' dir='ltr'>nan</span> 
     </span>
     <span class='ocr_line' id='line_1_17' title="bbox 214 2425 1256 2504; baseline 0.002 -22"><span class='ocrx_word' id='word_1_123' title='bbox 214 2427 286 2486; x_wconf 85' lang='lat' dir='ltr'>vitio</span> <span class='ocrx_word' id='word_1_124' title='bbox 302 2431 407 2485; x_wconf 85' lang='lat' dir='ltr'>carent</span> <span class='ocrx_word' id='word_1_125' title='bbox 428 2446 494 2503; x_wconf 80' lang='lat' dir='ltr'>qum</span> <span class='ocrx_word' id='word_1_126' title='bbox 516 2426 616 2486; x_wconf 89' lang='lat' dir='ltr'>nullos</span> <span class='ocrx_word' id='word_1_127' title='bbox 641 2428 717 2486; x_wconf 88' lang='lat' dir='ltr'>alins</span> <span class='ocrx_word' id='word_1_128' title='bbox 735 2427 935 2504; x_wconf 79' lang='lat' dir='ltr'>magistratus</span> <span class='ocrx_word' id='word_1_129' title='bbox 952 2426 1009 2487; x_wconf 93' lang='lat' dir='ltr'>nisi</span> <span class='ocrx_word' id='word_1_130' title='bbox 1031 2426 1145 2484; x_wconf 86' lang='lat' dir='ltr'>divites</span> <span class='ocrx_word' id='word_1_131' title='bbox 1161 2425 1256 2484; x_wconf 89' lang='lat' dir='ltr'>insti-</span> 
     </span>
     <span class='ocr_line' id='line_1_18' title="bbox 211 2534 1255 2607; baseline -0.005 -15"><span class='ocrx_word' id='word_1_132' title='bbox 211 2534 342 2593; x_wconf 59' lang='lat' dir='ltr'>tuuutl:</span> <span class='ocrx_word' id='word_1_133' title='bbox 369 2535 481 2593; x_wconf 80' lang='lat' dir='ltr'>divitia</span> <span class='ocrx_word' id='word_1_134' title='bbox 503 2535 584 2593; x_wconf 88' lang='lat' dir='ltr'>enim</span> <span class='ocrx_word' id='word_1_135' title='bbox 606 2558 621 2588; x_wconf 88' lang='lat'>«</span> <span class='ocrx_word' id='word_1_136' title='bbox 645 2534 805 2594; x_wconf 89' lang='lat' dir='ltr'>materiam</span> <span class='ocrx_word' id='word_1_137' title='bbox 828 2558 855 2607; x_wconf 65' lang='lat' dir='ltr'>a,</span> <span class='ocrx_word' id='word_1_138' title='bbox 882 2535 934 2594; x_wconf 92' lang='lat' dir='ltr'>sed</span> <span class='ocrx_word' id='word_1_139' title='bbox 954 2552 1017 2592; x_wconf 86' lang='lat' dir='ltr'>uon</span> <span class='ocrx_word' id='word_1_140' title='bbox 1041 2556 1056 2588; x_wconf 88' lang='lat'>«</span> <span class='ocrx_word' id='word_1_141' title='bbox 1080 2534 1216 2592; x_wconf 82' lang='lat' dir='ltr'>sormam</span> <span class='ocrx_word' id='word_1_142' title='bbox 1239 2555 1255 2587; x_wconf 69' lang='grc' dir='ltr'><em>ο</em></span> 
     </span>
     <span class='ocr_line' id='line_1_19' title="bbox 214 2641 667 2700; baseline 0.007 -3"><span class='ocrx_word' id='word_1_143' title='bbox 214 2641 334 2699; x_wconf 90' lang='lat' dir='ltr'>virtutis</span> <span class='ocrx_word' id='word_1_144' title='bbox 352 2641 450 2700; x_wconf 84' lang='lat' dir='ltr'>civilis</span> <span class='ocrx_word' id='word_1_145' title='bbox 465 2642 667 2700; x_wconf 81' lang='lat' dir='ltr'>constituunt.</span> 
     </span>
    </p>

    <p class='ocr_par' dir='ltr' id='par_1_4' title="bbox 212 2746 1256 3360">
     <span class='ocr_line' id='line_1_20' title="bbox 254 2746 1256 2824; baseline 0.001 -18"><span class='ocrx_word' id='word_1_146' title='bbox 254 2749 310 2806; x_wconf 90' lang='lat' dir='ltr'>Pro</span> <span class='ocrx_word' id='word_1_147' title='bbox 323 2747 434 2806; x_wconf 90' lang='lat' dir='ltr'>virtute</span> <span class='ocrx_word' id='word_1_148' title='bbox 451 2749 649 2824; x_wconf 88' lang='lat' dir='ltr'>magistratus</span> <span class='ocrx_word' id='word_1_149' title='bbox 666 2749 744 2807; x_wconf 90' lang='lat' dir='ltr'>inter</span> <span class='ocrx_word' id='word_1_150' title='bbox 755 2748 837 2807; x_wconf 79' lang='lat' dir='ltr'>cives</span> <span class='ocrx_word' id='word_1_151' title='bbox 848 2747 1001 2806; x_wconf 88' lang='lat' dir='ltr'>dividendi</span> <span class='ocrx_word' id='word_1_152' title='bbox 1012 2749 1101 2805; x_wconf 90' lang='lat' dir='ltr'>sunt:</span> <span class='ocrx_word' id='word_1_153' title='bbox 1118 2746 1256 2824; x_wconf 88' lang='lat' dir='ltr'>imperia</span> 
     </span>
     <span class='ocr_line' id='line_1_21' title="bbox 213 2853 1255 2931; baseline 0 -17"><span class='ocrx_word' id='word_1_154' title='bbox 213 2859 243 2914; x_wconf 91' lang='lat' dir='ltr'>et</span> <span class='ocrx_word' id='word_1_155' title='bbox 263 2856 393 2913; x_wconf 86' lang='lat' dir='ltr'>bonores</span> <span class='ocrx_word' id='word_1_156' title='bbox 415 2855 537 2931; x_wconf 76' lang='lat' dir='ltr'>prumia</span> <span class='ocrx_word' id='word_1_157' title='bbox 560 2860 632 2914; x_wconf 88' lang='lat' dir='ltr'>suut</span> <span class='ocrx_word' id='word_1_158' title='bbox 654 2856 775 2914; x_wconf 89' lang='lat' dir='ltr'>virtutis</span> <span class='ocrx_word' id='word_1_159' title='bbox 802 2855 959 2931; x_wconf 64' lang='lat' dir='ltr'>propria51</span> <span class='ocrx_word' id='word_1_160' title='bbox 986 2853 1070 2912; x_wconf 92' lang='lat' dir='ltr'>uulla</span> <span class='ocrx_word' id='word_1_161' title='bbox 1094 2858 1141 2914; x_wconf 88' lang='lat' dir='ltr'>est</span> <span class='ocrx_word' id='word_1_162' title='bbox 1165 2855 1255 2930; x_wconf 87' lang='lat' dir='ltr'>justa</span> 
     </span>
     <span class='ocr_line' id='line_1_22' title="bbox 212 2962 1256 3040; baseline -0.002 -19"><span class='ocrx_word' id='word_1_163' title='bbox 212 2962 319 3021; x_wconf 87' lang='lat' dir='ltr'>eivitas</span> <span class='ocrx_word' id='word_1_164' title='bbox 335 2964 393 3021; x_wconf 91' lang='lat' dir='ltr'>nisi</span> <span class='ocrx_word' id='word_1_165' title='bbox 410 2964 481 3021; x_wconf 87' lang='lat' dir='ltr'>viris</span> <span class='ocrx_word' id='word_1_166' title='bbox 498 2963 622 3038; x_wconf 86' lang='lat' dir='ltr'>optimis</span> <span class='ocrx_word' id='word_1_167' title='bbox 637 2964 837 3040; x_wconf 89' lang='lat' dir='ltr'>magistratus</span> <span class='ocrx_word' id='word_1_168' title='bbox 852 2963 979 3022; x_wconf 89' lang='lat' dir='ltr'>tribuat.</span> <span class='ocrx_word' id='word_1_169' title='bbox 1002 2963 1044 3020; x_wconf 80' lang='lat' dir='ltr'>Ex</span> <span class='ocrx_word' id='word_1_170' title='bbox 1058 2962 1117 3020; x_wconf 86' lang='lat' dir='ltr'>hoc</span> <span class='ocrx_word' id='word_1_171' title='bbox 1136 2962 1256 3036; x_wconf 88' lang='lat' dir='ltr'>prinei-</span> 
     </span>
     <span class='ocr_line' id='line_1_23' title="bbox 213 3067 1256 3147; baseline 0 -19"><span class='ocrx_word' id='word_1_172' title='bbox 213 3070 262 3145; x_wconf 84' lang='lat' dir='ltr'>pia</span> <span class='ocrx_word' id='word_1_173' title='bbox 289 3071 392 3130; x_wconf 87' lang='lat' dir='ltr'>omnia</span> <span class='ocrx_word' id='word_1_174' title='bbox 421 3089 486 3147; x_wconf 81' lang='lat' dir='ltr'>qum</span> <span class='ocrx_word' id='word_1_175' title='bbox 516 3070 694 3129; x_wconf 77' lang='lat' dir='ltr'>Aristoteles</span> <span class='ocrx_word' id='word_1_176' title='bbox 723 3071 753 3128; x_wconf 90' lang='lat' dir='ltr'>in</span> <span class='ocrx_word' id='word_1_177' title='bbox 786 3067 928 3128; x_wconf 81' lang='lat' dir='ltr'>Politicis</span> <span class='ocrx_word' id='word_1_178' title='bbox 955 3069 1077 3143; x_wconf 83' lang='lat' dir='ltr'>scripsit</span> <span class='ocrx_word' id='word_1_179' title='bbox 1105 3085 1256 3128; x_wconf 86' lang='lat' dir='ltr'>emanare</span> 
     </span>
     <span class='ocr_line' id='line_1_24' title="bbox 214 3174 1256 3253; baseline 0.001 -20"><span class='ocrx_word' id='word_1_180' title='bbox 214 3177 363 3235; x_wconf 86' lang='lat' dir='ltr'>videntur.</span> <span class='ocrx_word' id='word_1_181' title='bbox 385 3179 520 3237; x_wconf 90' lang='lat' dir='ltr'>Primum</span> <span class='ocrx_word' id='word_1_182' title='bbox 538 3178 630 3246; x_wconf 75' lang='lat' dir='ltr'>enim,</span> <span class='ocrx_word' id='word_1_183' title='bbox 653 3197 713 3252; x_wconf 81' lang='lat' dir='ltr'>qua</span> <span class='ocrx_word' id='word_1_184' title='bbox 728 3178 846 3236; x_wconf 82' lang='lat' dir='ltr'>ratione</span> <span class='ocrx_word' id='word_1_185' title='bbox 866 3176 1065 3253; x_wconf 87' lang='lat' dir='ltr'>magistratus</span> <span class='ocrx_word' id='word_1_186' title='bbox 1091 3174 1256 3252; x_wconf 86' lang='lat' dir='ltr'>eligendos</span> 
     </span>
     <span class='ocr_line' id='line_1_25' title="bbox 213 3282 1256 3360; baseline -0.002 -17"><span class='ocrx_word' id='word_1_187' title='bbox 213 3302 280 3344; x_wconf 89' lang='lat' dir='ltr'>esse</span> <span class='ocrx_word' id='word_1_188' title='bbox 296 3285 437 3343; x_wconf 74' lang='lat' dir='ltr'>censuit?</span> <span class='ocrx_word' id='word_1_189' title='bbox 461 3286 548 3360; x_wconf 76' lang='lat' dir='ltr'>Apud</span> <span class='ocrx_word' id='word_1_190' title='bbox 564 3285 813 3345; x_wconf 80' lang='lat' dir='ltr'>Lacedaemonios</span> <span class='ocrx_word' id='word_1_191' title='bbox 828 3285 849 3343; x_wconf 91' lang='lat' dir='ltr'>ii</span> <span class='ocrx_word' id='word_1_192' title='bbox 862 3285 915 3359; x_wconf 86' lang='lat' dir='ltr'>qui</span> <span class='ocrx_word' id='word_1_193' title='bbox 929 3282 1130 3360; x_wconf 88' lang='lat' dir='ltr'>magistratus</span> <span class='ocrx_word' id='word_1_194' title='bbox 1144 3300 1256 3359; x_wconf 88' lang='lat' dir='ltr'>gerere</span> 
     </span>
    </p>
   </div>
   <div class='ocr_carea' id='block_1_3' title="bbox 211 3555 1258 4100">
    <p class='ocr_par' dir='ltr' id='par_1_5' title="bbox 211 3555 1258 3788">
     <span class='ocr_line' id='line_1_26' title="bbox 243 3555 1258 3625; baseline -0.004 -17"><span class='ocrx_word' id='word_1_195' title='bbox 243 3561 265 3608; x_wconf 91' lang='grc'>1.</span> <span class='ocrx_word' id='word_1_196' title='bbox 283 3559 339 3608; x_wconf 82' lang='lat' dir='ltr'>Pal.</span> <span class='ocrx_word' id='word_1_197' title='bbox 355 3561 383 3608; x_wconf 86' lang='lat' dir='ltr'>B.</span> <span class='ocrx_word' id='word_1_198' title='bbox 397 3563 419 3610; x_wconf 81' lang='lat'>5.</span> <span class='ocrx_word' id='word_1_199' title='bbox 436 3561 554 3618; x_wconf 74' lang='lat' dir='ltr'>lae3a3‚</span> <span class='ocrx_word' id='word_1_200' title='bbox 571 3562 617 3609; x_wconf 84' lang='lat'>38:</span> <span class='ocrx_word' id='word_1_201' title='bbox 636 3563 736 3625; x_wconf 64' lang='grc' dir='ltr'>φανερὸν</span> <span class='ocrx_word' id='word_1_202' title='bbox 748 3565 824 3609; x_wconf 74' lang='grc' dir='ltr'><em>τοίνυν</em></span> <span class='ocrx_word' id='word_1_203' title='bbox 836 3559 872 3608; x_wconf 82' lang='grc' dir='ltr'>ὅτι</span> <span class='ocrx_word' id='word_1_204' title='bbox 890 3561 980 3624; x_wconf 72' lang='grc' dir='ltr'><em>βέλτιον</em></span> <span class='ocrx_word' id='word_1_205' title='bbox 992 3555 1054 3605; x_wconf 77' lang='grc' dir='ltr'><strong>εἶναι</strong></span> <span class='ocrx_word' id='word_1_206' title='bbox 1069 3561 1110 3618; x_wconf 82' lang='grc' dir='ltr'>μὲν</span> <span class='ocrx_word' id='word_1_207' title='bbox 1126 3556 1194 3614; x_wconf 81' lang='grc' dir='ltr'>ἰδίας</span> <span class='ocrx_word' id='word_1_208' title='bbox 1211 3557 1258 3614; x_wconf 73' lang='grc' dir='ltr'>τὰς</span> 
     </span>
     <span class='ocr_line' id='line_1_27' title="bbox 212 3636 1255 3706; baseline -0.002 -18"><span class='ocrx_word' id='word_1_209' title='bbox 212 3648 312 3699; x_wconf 76' lang='grc' dir='ltr'>κτήσεις,</span> <span class='ocrx_word' id='word_1_210' title='bbox 323 3650 351 3704; x_wconf 77' lang='grc' dir='ltr'>τῇ</span> <span class='ocrx_word' id='word_1_211' title='bbox 367 3642 390 3689; x_wconf 78' lang='grc' dir='ltr'>δὲ</span> <span class='ocrx_word' id='word_1_212' title='bbox 405 3649 489 3706; x_wconf 57' lang='lat' dir='ltr'>gatru</span> <span class='ocrx_word' id='word_1_213' title='bbox 501 3651 576 3690; x_wconf 74' lang='grc' dir='ltr'><em>ποιεῖν</em></span> <span class='ocrx_word' id='word_1_214' title='bbox 588 3646 672 3699; x_wconf 61' lang='grc' dir='ltr'>κοινάς.</span> <span class='ocrx_word' id='word_1_215' title='bbox 688 3639 727 3689; x_wconf 81' lang='lat' dir='ltr'>Cf.</span> <span class='ocrx_word' id='word_1_216' title='bbox 741 3648 758 3688; x_wconf 97' lang='grc' dir='ltr'>Δ</span> <span class='ocrx_word' id='word_1_217' title='bbox 772 3639 815 3700; x_wconf 90' lang='grc'>(11)</span> <span class='ocrx_word' id='word_1_218' title='bbox 833 3641 868 3687; x_wconf 85' lang='grc'>10.</span> <span class='ocrx_word' id='word_1_219' title='bbox 883 3640 941 3687; x_wconf 85' lang='grc'>13311</span> <span class='ocrx_word' id='word_1_220' title='bbox 952 3652 968 3685; x_wconf 79' lang='lat' dir='ltr'>a</span> <span class='ocrx_word' id='word_1_221' title='bbox 984 3639 994 3684; x_wconf 91' lang='grc'>1</span> <span class='ocrx_word' id='word_1_222' title='bbox 1009 3651 1014 3684; x_wconf 90' lang='lat'>:</span> <span class='ocrx_word' id='word_1_223' title='bbox 1031 3636 1091 3686; x_wconf 71' lang='grc' dir='ltr'>ἀλλὰ</span> <span class='ocrx_word' id='word_1_224' title='bbox 1109 3645 1138 3699; x_wconf 81' lang='grc' dir='ltr'>τῇ</span> <span class='ocrx_word' id='word_1_225' title='bbox 1162 3644 1255 3702; x_wconf 69' lang='grc' dir='ltr'>χρήσει</span> 
     </span>
     <span class='ocr_line' id='line_1_28' title="bbox 211 3721 1094 3788; baseline -0.007 -18"><span class='ocrx_word' id='word_1_226' title='bbox 211 3726 304 3785; x_wconf 76' lang='grc' dir='ltr'>φιλικῶς</span> <span class='ocrx_word' id='word_1_227' title='bbox 319 3728 441 3787; x_wconf 72' lang='grc' dir='ltr'>γιγνομένῃ</span> <span class='ocrx_word' id='word_1_228' title='bbox 454 3731 541 3781; x_wconf 56' lang='lat' dir='ltr'>razn-tu</span> <span class='ocrx_word' id='word_1_229' title='bbox 559 3721 606 3771; x_wconf 68' lang='grc' dir='ltr'>οὔτ’</span> <span class='ocrx_word' id='word_1_230' title='bbox 621 3724 717 3788; x_wconf 71' lang='grc' dir='ltr'><em>ἀπορεῖν</em></span> <span class='ocrx_word' id='word_1_231' title='bbox 731 3721 813 3770; x_wconf 73' lang='grc' dir='ltr'><em>οὐδένα</em></span> <span class='ocrx_word' id='word_1_232' title='bbox 826 3728 870 3769; x_wconf 77' lang='grc' dir='ltr'>τῶν</span> <span class='ocrx_word' id='word_1_233' title='bbox 882 3721 982 3769; x_wconf 70' lang='grc' dir='ltr'><em>πολιτῶν</em></span> <span class='ocrx_word' id='word_1_234' title='bbox 997 3724 1094 3782; x_wconf 63' lang='grc' dir='ltr'><em>τροφῆς.</em></span> 
     </span>
    </p>

    <p class='ocr_par' dir='ltr' id='par_1_6' title="bbox 243 3803 582 3852">
     <span class='ocr_line' id='line_1_29' title="bbox 243 3803 582 3852; baseline -0.006 0"><span class='ocrx_word' id='word_1_235' title='bbox 243 3806 266 3852; x_wconf 81' lang='lat'>2.</span> <span class='ocrx_word' id='word_1_236' title='bbox 285 3803 338 3852; x_wconf 84' lang='lat' dir='ltr'>Pol.</span> <span class='ocrx_word' id='word_1_237' title='bbox 355 3803 383 3851; x_wconf 89' lang='lat' dir='ltr'>B.</span> <span class='ocrx_word' id='word_1_238' title='bbox 399 3806 422 3851; x_wconf 82' lang='grc'>6,</span> <span class='ocrx_word' id='word_1_239' title='bbox 440 3805 526 3852; x_wconf 72' lang='lat' dir='ltr'>laeta</span> <span class='ocrx_word' id='word_1_240' title='bbox 544 3803 582 3850; x_wconf 78' lang='lat'>32.</span> 
     </span>
    </p>

    <p class='ocr_par' dir='ltr' id='par_1_7' title="bbox 243 3879 1024 3941">
     <span class='ocr_line' id='line_1_30' title="bbox 243 3879 1024 3941; baseline -0.012 -9"><span class='ocrx_word' id='word_1_241' title='bbox 243 3886 266 3932; x_wconf 87' lang='lat'>3.</span> <span class='ocrx_word' id='word_1_242' title='bbox 285 3881 345 3931; x_wconf 69' lang='lat' dir='ltr'>aab.</span> <span class='ocrx_word' id='word_1_243' title='bbox 361 3884 418 3931; x_wconf 78' lang='lat' dir='ltr'><em>Nic.</em></span> <span class='ocrx_word' id='word_1_244' title='bbox 434 3885 462 3932; x_wconf 90' lang='lat' dir='ltr'>E.</span> <span class='ocrx_word' id='word_1_245' title='bbox 479 3886 501 3930; x_wconf 77' lang='grc' dir='ltr'>Ἰ.</span> <span class='ocrx_word' id='word_1_246' title='bbox 522 3885 578 3930; x_wconf 88' lang='grc'>1131</span> <span class='ocrx_word' id='word_1_247' title='bbox 592 3882 608 3930; x_wconf 88' lang='lat' dir='ltr'>b</span> <span class='ocrx_word' id='word_1_248' title='bbox 620 3883 665 3941; x_wconf 77' lang='lat'>293</span> <span class='ocrx_word' id='word_1_249' title='bbox 684 3880 739 3929; x_wconf 86' lang='lat' dir='ltr'>Pol.</span> <span class='ocrx_word' id='word_1_250' title='bbox 757 3888 783 3929; x_wconf 82' lang='grc' dir='ltr'>Γ.</span> <span class='ocrx_word' id='word_1_251' title='bbox 799 3882 822 3928; x_wconf 86' lang='grc'>9,</span> <span class='ocrx_word' id='word_1_252' title='bbox 840 3881 899 3928; x_wconf 85' lang='grc'>1280</span> <span class='ocrx_word' id='word_1_253' title='bbox 914 3879 1024 3927; x_wconf 67' lang='lat' dir='ltr'>aab-31.</span> 
     </span>
    </p>

    <p class='ocr_par' dir='ltr' id='par_1_8' title="bbox 244 3962 691 4025">
     <span class='ocr_line' id='line_1_31' title="bbox 244 3962 691 4025; baseline -0.007 -13"><span class='ocrx_word' id='word_1_254' title='bbox 244 3967 267 4012; x_wconf 77' lang='lat'>4.</span> <span class='ocrx_word' id='word_1_255' title='bbox 286 3963 339 4012; x_wconf 86' lang='lat' dir='ltr'>Pnl.</span> <span class='ocrx_word' id='word_1_256' title='bbox 352 3964 370 4012; x_wconf 94' lang='lat' dir='ltr'>Z</span> <span class='ocrx_word' id='word_1_257' title='bbox 385 3965 430 4025; x_wconf 82' lang='grc' dir='ltr'>(Δ).</span> <span class='ocrx_word' id='word_1_258' title='bbox 447 3967 470 4012; x_wconf 78' lang='grc'>’1.</span> <span class='ocrx_word' id='word_1_259' title='bbox 486 3962 571 4011; x_wconf 71' lang='lat' dir='ltr'>lebab</span> <span class='ocrx_word' id='word_1_260' title='bbox 590 3963 617 4012; x_wconf 83' lang='lat'>10</span> <span class='ocrx_word' id='word_1_261' title='bbox 633 3975 691 4024; x_wconf 82' lang='lat' dir='ltr'>sqq.</span> 
     </span>
    </p>

    <p class='ocr_par' dir='ltr' id='par_1_9' title="bbox 244 4036 1206 4100">
     <span class='ocr_line' id='line_1_32' title="bbox 244 4036 1206 4100; baseline -0.009 -8"><span class='ocrx_word' id='word_1_262' title='bbox 244 4045 266 4092; x_wconf 80' lang='lat'>5.</span> <span class='ocrx_word' id='word_1_263' title='bbox 285 4043 338 4092; x_wconf 79' lang='lat' dir='ltr'>Pol.</span> <span class='ocrx_word' id='word_1_264' title='bbox 356 4045 382 4093; x_wconf 85' lang='lat' dir='ltr'>B.</span> <span class='ocrx_word' id='word_1_265' title='bbox 401 4047 423 4092; x_wconf 80' lang='lat'>9.</span> <span class='ocrx_word' id='word_1_266' title='bbox 440 4046 499 4092; x_wconf 73' lang='lat'>1270</span> <span class='ocrx_word' id='word_1_267' title='bbox 511 4045 524 4090; x_wconf 86' lang='lat' dir='ltr'>b</span> <span class='ocrx_word' id='word_1_268' title='bbox 538 4044 576 4091; x_wconf 89' lang='grc'>21.</span> <span class='ocrx_word' id='word_1_269' title='bbox 594 4042 631 4091; x_wconf 82' lang='lat' dir='ltr'>Cf.</span> <span class='ocrx_word' id='word_1_270' title='bbox 649 4043 677 4090; x_wconf 91' lang='lat' dir='ltr'>B.</span> <span class='ocrx_word' id='word_1_271' title='bbox 692 4043 730 4089; x_wconf 92' lang='lat' dir='ltr'>ll.</span> <span class='ocrx_word' id='word_1_272' title='bbox 743 4042 826 4090; x_wconf 70' lang='lat' dir='ltr'>lawa</span> <span class='ocrx_word' id='word_1_273' title='bbox 841 4042 885 4100; x_wconf 73' lang='lat'>413</span> <span class='ocrx_word' id='word_1_274' title='bbox 904 4046 921 4089; x_wconf 93' lang='grc' dir='ltr'>Δ</span> <span class='ocrx_word' id='word_1_275' title='bbox 938 4036 1206 4100; x_wconf 79' lang='lat' dir='ltr'>(H)3.1325b·1-12.</span> 
     </span>
    </p>
   </div>
   <div class='ocr_carea' id='block_1_4' title="bbox 0 0 1481 5212">
    <p class='ocr_par' dir='ltr' id='par_1_10' title="bbox 0 0 1481 5212">
     <span class='ocr_line' id='line_1_33' title="bbox 0 0 1481 5212; baseline 0 0"><span class='ocrx_word' id='word_1_276' title='bbox 0 0 1481 5212; x_wconf 95' lang='lat' dir='ltr'> </span> 
     </span>
    </p>
   </div>
  </div>
 </body>
</html>
