2946 5130
627 1292 841 1354 CONCLUSIO

252 1589 287 1647 ln
311 1586 458 1664 prooemio
475 1590 580 1645 nostro
604 1584 799 1660 quesivimus
819 1602 859 1643 an
879 1585 1057 1646 Aristoteles
1081 1589 1251 1651 scientiam

212 1694 288 1770 juris
303 1695 335 1754 in
352 1699 500 1754 aeternum
513 1691 699 1752 condiderit:
719 1710 801 1750 nunc
818 1693 1001 1766 respondere
1015 1693 1098 1754 licet.

253 1802 284 1863 si
303 1805 371 1877 post
385 1799 558 1864 Aristotelis
575 1802 705 1858 mortem
724 1798 841 1875 legesa
862 1797 994 1874 politicis
1017 1799 1095 1861 latas
1112 1804 1163 1863 vel
1183 1823 1257 1864 sen-

212 1907 326 1967 tentias
350 1927 368 1967 a
394 1906 584 1983 philosophis
609 1905 706 1964 editas
733 1906 987 1980 consideraveris
1012 1906 1099 1967 illum
1124 1928 1256 1986 operam

213 2017 326 2074 frustra
339 2014 526 2090 impendisse
537 2013 670 2088 putabis.
690 2014 767 2072 Nam
781 2016 932 2087 quantum
942 2013 1116 2074 Aristotelis
1133 2015 1164 2073 E
1166 2015 1254 2077 thica

212 2120 260 2180 vel
289 2118 425 2179 Politice
464 2122 503 2179 ad
535 2120 619 2196 leges
646 2118 854 2194 antiquarum
892 2119 1052 2178 civitatum
1083 2124 1254 2184 mutandas

211 2227 364 2303 valuerint
384 2225 509 2286 difficile
534 2228 581 2285 cst
609 2242 806 2302 cognoscere,
835 2225 888 2283 scd
915 2225 1034 2285 facilius
1057 2231 1104 2286 est
1124 2246 1254 2299 cernere

212 2338 362 2410 quantum
380 2334 539 2394 sententiae
559 2332 810 2408 philosophorum
828 2333 866 2391 ab
890 2333 1063 2393 Aristotelis
1086 2337 1254 2396 sententiis

211 2441 406 2516 discrepent:
427 2439 554 2515 sceptici
571 2440 654 2498 cnim
669 2440 721 2514 jus
741 2457 808 2498 esse
827 2438 965 2498 naturale
986 2444 1140 2517 negant¹;
1159 2447 1254 2502 natu·
1320 2469 1322 2473 ·

211 2548 306 2607 ralem
330 2565 397 2606 esse
424 2547 578 2622 justitiam
603 2546 737 2622 epicurei
767 2548 933 2617 affirmant,
958 2548 1011 2606 sed
1042 2566 1107 2622 quae
1131 2567 1254 2625 nequa-

211 2672 305 2728 quam
320 2654 402 2712 nona
418 2653 458 2711 sit
474 2653 534 2712 nisi
553 2652 729 2711 nominibus
747 2637 861 2711 utine
890 2652 984 2711 soter
1002 2653 1126 2728 quidem
1142 2655 1255 2715 deant-

211 2760 328 2817 tionem
350 2760 389 2818 ab
406 2758 568 2818 Aristotele
586 2759 774 2834 propositam
799 2776 867 2816 cnm
891 2759 1047 2818 socraticis
1065 2761 1256 2835 quibusdam

211 2866 313 2925 verbis
328 2867 526 2941 conjunctam
542 2868 679 2925 referunt
692 2882 698 2925 :
713 2865 834 2940 justitia
853 2869 899 2924 est
912 2866 1041 2926 scicntia
1057 2885 1123 2942 quae
1138 2869 1256 2946 cuique

212 2991 265 3048 pro
292 2972 442 3049 dignitate
476 2990 566 3031 suum
599 2971 729 3031 tribuit:
754 2974 920 3043 δικαιοσύνην
948 2975 970 3031 δ’
998 2975 1066 3032 εἶναι
1099 2975 1257 3056 ἐπιστήμην

210 3060 471 3158 ἇπονεμητικὴνὲῆς
484 3079 556 3147 ἀξίας
570 3077 704 3159 ἓκᾶστῳῧ.
720 3079 778 3139 Sed
789 3079 827 3138 all
842 3079 1023 3156 (lignitatem
1038 3080 1257 3142 aeslimandam
1316 3166 1319 3171 ‚

211 3204 313 3243 nonne
335 3186 423 3245 stoici
447 3185 499 3244 illa
518 3187 597 3245 bona
620 3190 744 3247 externa
763 3205 799 3246 ex
821 3188 932 3262 quibus
954 3189 1035 3263 apud
1051 3188 1256 3250 Aristotelem

211 3292 339 3351 materia
354 3293 515 3369 dignitatis
530 3296 653 3353 constat
665 3295 895 3369 aspernantur?
911 3297 1035 3354 Frustra
1057 3295 1154 3372 igitnr
1166 3299 1256 3358 Aris-

211 3398 320 3459 toteles
339 3403 467 3459 conatus
478 3393 525 3459 cst
534 3401 687 3475 justitiam
702 3402 744 3461 ita
760 3402 936 3461 definirent
953 3420 1059 3462 omnes
1074 3402 1257 3481 philosophi
1312 3471 1316 3479 ,

212 3507 356 3582 deinceps
370 3507 480 3566 iisdem
499 3508 599 3568 verbis
627 3527 695 3568 eam
717 3510 895 3582 definircnt3
921 3512 1033 3569 lrnstra
1055 3515 1189 3571 conatus
1207 3519 1257 3573 est

211 3614 373 3672 scientiam
389 3615 467 3690 juris
481 3617 621 3674 condere.
640 3651 678 3657 —
691 3618 730 3675 At
751 3617 844 3676 ctiam
869 3621 938 3693 post
962 3617 1097 3677 Enclidis
1119 3626 1258 3680 mortem

244 3853 264 3897 l.
284 3849 346 3911 Cic,
362 3850 394 3899 de
411 3852 481 3913 dep,
499 3852 546 3912 Ill,
562 3854 600 3912 13,
616 3854 657 3902 23.

241 3931 264 3978 2.
283 3930 390 3993 Epicuri
407 3931 537 3986 sentent,
553 3934 636 3983 31-36.
650 3934 790 3997 Epicurea,
807 3934 849 3983 ed.
866 3935 977 3996 Usener,
993 3949 1019 3998 p,
1033 3937 1070 3998 78,
1085 3938 1125 3986 79.

243 4011 266 4059 3.
286 4011 369 4074 sloh„
386 4012 452 4073 Ecl,
468 4013 500 4074 ll,
519 4015 572 4062 102.
