2946 5130
231 605 266 645 ou
287 603 434 644 nmmmre
456 604 487 644 ur
509 603 702 658 murenulam
726 603 761 643 ne
782 602 900 644 rannus
923 603 955 642 m
976 603 1070 645 roums
1132 585 1169 644 63

129 729 332 804 comparavit.
359 729 459 800 Quare
484 728 588 786 divina
606 727 750 786 felicitate
766 731 786 800 ¹,
810 732 922 786 aterna
945 729 1061 787 scilicet
1078 732 1169 803 atque

13 883 28 892 .
129 837 328 906 inconcussa,
353 836 464 893 fruitur
488 834 547 892 nisi
564 835 711 893 virtutem
725 833 824 892 colere
849 833 979 893 desinat.
1004 836 1044 894 Ut
1061 835 1169 894 ceteris

129 941 320 1013 hominibus,
347 941 389 999 ita
414 940 474 999 illis
499 941 550 1015 qui
571 940 667 999 vitam
696 939 965 1015 contemplativam
989 941 1107 1013 vivunt,
1134 959 1169 1000 ca

128 1049 255 1124 praemia
271 1048 503 1106 constituuntur
515 1066 581 1121 quae
595 1047 730 1105 officium
751 1051 862 1106 natura
877 1048 1085 1122 prescriptum
1100 1066 1169 1123 per-

128 1155 269 1223 ficiant2,
288 1172 329 1213 eae
347 1172 443 1229 poeuae
461 1172 527 1228 quae
543 1153 641 1210 virum
657 1154 695 1211 ab
713 1153 771 1211 hoc
787 1153 887 1211 officio
904 1157 1078 1212 amoveant.

171 1261 240 1320 Haec
266 1259 448 1319 Aristoteles
466 1260 503 1318 de
527 1258 658 1335 praemiis
681 1258 841 1334 poenisque
859 1259 966 1317 sensit.
987 1259 1067 1317 Nihil
1087 1259 1169 1318 aliud

127 1370 177 1425 est
201 1367 360 1441 praemium
385 1364 477 1424 alicui
503 1364 638 1424 tribuere
665 1364 724 1422 nisi
750 1383 820 1423 eum
846 1387 861 1419 a
882 1344 955 1440 ⁴jure
992 1388 1006 1419 u
1036 1366 1168 1441 quodam

126 1475 263 1545 donare;
283 1472 360 1531 nihil
385 1471 468 1530 aliud
492 1474 539 1529 est
562 1470 695 1546 aliquem
716 1489 805 1546 pruna
825 1470 955 1530 multare
974 1471 1034 1529 nisi
1056 1490 1126 1530 eum
1151 1491 1168 1530 a

128 1602 144 1634 a
159 1580 230 1653 jure
250 1601 264 1633 »
281 1579 414 1654 quodam
431 1596 584 1636 amovere.
602 1578 676 1636 Cum
688 1577 786 1635 Zeller
801 1578 1016 1653 philosophum
1028 1583 1168 1638 nostrum

124 1685 326 1760 reprehendit
356 1686 470 1760 quod«
498 1682 651 1744 naturalia
668 1685 739 1759 jura
755 1707 769 1738 s
794 1685 912 1744 ratione
930 1703 991 1742 non
1009 1685 1133 1744 deduxit
1145 1687 1166 1756 ³,

125 1794 188 1851 hoc
203 1792 246 1850 illi
257 1792 456 1851 concedimus
469 1791 586 1849 nullam
603 1814 618 1845 «
630 1790 875 1850 Declarationem
887 1792 992 1866 jurum
1004 1792 1138 1850 hominis
1151 1815 1165 1846 s

124 1899 209 1974 apud
232 1898 429 1958 Aristotelem
447 1898 589 1974 reperiri;
614 1899 667 1956 sed
689 1917 759 1956 oum
782 1902 891 1957 natura
915 1900 1024 1975 cuique
1047 1899 1164 1957 homini

124 2005 312 2082 dignitatem
329 2006 493 2081 quamdam
521 2003 695 2077 contulerit,
723 2005 775 2080 jus
801 2005 845 2063 illi
875 2006 946 2064 lecit
968 2007 1166 2080 comparandi

124 2112 252 2188 praemia
270 2130 336 2187 quae
356 2112 424 2187 ejus
445 2112 589 2189 dignitati
613 2116 835 2188 congruerent:
857 2113 909 2186 jus
925 2112 1007 2171 enim
1027 2112 1166 2171 naturale

124 2219 225 2278 vitam
243 2218 380 2277 omnium
403 2219 563 2277 hominum
578 2220 692 2290 tuetur,
711 2218 886 2277 libertatem
901 2224 931 2277 et
949 2219 1166 2295 proprietatem

123 2325 273 2384 omnibus
297 2325 370 2384 viris
400 2325 543 2402 ingenuis
569 2328 703 2400 praestat,
729 2325 919 2400 iisdemque
947 2326 1089 2385 omnibus
1114 2327 1167 2401 qui

124 2434 274 2491 virtutem
285 2432 418 2491 ethicam
432 2431 547 2503 colunt,
558 2450 611 2507 pro
621 2431 733 2490 virtute
745 2450 861 2504 eorum,
872 2423 990 2507 partem
1000 2433 1165 2507 quamdam

124 2538 248 2614 imperii
266 2539 383 2597 tribuit.
404 2541 507 2613 Neque
523 2539 553 2596 in
570 2543 717 2597 aeternum
730 2539 793 2597 haec
810 2538 973 2597 «civilia»
993 2538 1040 2598 vel
1060 2561 1075 2592 «
1090 2539 1165 2614 poli-

22 2719 43 2730 ν
124 2646 190 2703 tica
209 2667 223 2698 >i
237 2645 309 2719 jura
321 2663 489 2720 paucorum
512 2646 646 2703 virorum
671 2645 793 2720 propria
806 2649 897 2704 sunt:
918 2664 988 2704 oum
1006 2646 1087 2704 enim
1103 2645 1166 2706 cui-

125 2770 188 2826 que
205 2751 352 2811 virtutem
372 2752 471 2811 colere
494 2751 600 2824 licetl,
618 2756 684 2811 tum
709 2751 838 2827 quisque
855 2756 956 2827 potest
973 2754 1076 2811 omnia
1094 2753 1165 2827 jura

125 2861 243 2927 tenere.
260 2893 299 2900 —
312 2860 429 2918 Rursus
439 2863 549 2919 natura
560 2859 663 2918 omnia
674 2858 791 2933 juratis
801 2861 901 2918 aulert
915 2859 967 2934 qui
983 2860 1165 2937 dignitatem

127 2964 318 3024 amiserunt:
345 2983 404 3040 quo
423 2966 523 3025 officio
545 2966 597 3040 jus
621 2965 779 3024 criminale
809 2966 964 3043 iungitur:
986 2966 1164 3026 Aristoteles

127 3071 211 3131 enim
238 3071 281 3131 ita
306 3089 412 3147 poenas
429 3072 567 3132 definivit
589 3076 623 3130 ut
648 3073 792 3131 mandata
813 3072 940 3148 justitiae
964 3073 1164 3132 distributiva

127 3179 254 3254 exsequi
275 3178 447 3237 videantur.
473 3179 571 3238 Utiles
593 3180 717 3254 quidem
740 3179 857 3239 civitati
881 3197 987 3255 poenas
1010 3198 1076 3239 esse
1102 3199 1163 3239 non

158 3454 181 3499 1.
200 3450 260 3500 nio.
276 3453 332 3501 Nic.
348 3453 379 3501 Α.
396 3454 434 3501 12.
449 3453 537 3501 110111
555 3455 594 3501 25.

156 3533 180 3579 2.
199 3531 236 3580 ct.
250 3531 307 3580 huec
320 3546 380 3594 quie
395 3531 428 3581 de
444 3533 581 3596 voluptate
593 3533 750 3582 Aristoteles
766 3532 887 3596 scripsit:
901 3533 974 3582 atet.
984 3535 1014 3583 Α.
1025 3536 1062 3582 10.
1076 3536 1134 3584 1309
1146 3534 1162 3584 h

124 3613 154 3659 33
170 3625 175 3670 ;
194 3611 250 3660 Nic.
266 3613 297 3660 K.
310 3614 332 3659 5.
350 3614 497 3661 1115113111
514 3617 620 3676 συναύξει
637 3621 684 3678 γὰρ
701 3621 742 3668 τὴν
756 3615 871 3680 ἐνέργειαν
885 3618 898 3669 ἡ
915 3621 989 3664 οἰκεία
1003 3616 1085 3671 ἡδονή.

155 3693 179 3739 3.
196 3692 244 3739 Die
256 3691 421 3754 Philosopleie
438 3693 486 3741 der
503 3693 636 3756 alterurn,
654 3696 678 3742 3⁹
691 3694 770 3756 nun,
788 3695 829 3742 2¹⁶¹
843 3695 900 3756 Tin,
916 3697 941 3743 2⁶
957 3695 1048 3757 1111111,
1062 3709 1089 3759 p.
1107 3697 1162 3756 642,

123 3784 151 3819 n.
168 3772 191 3830 3,
214 3771 247 3819 ad
267 3771 358 3820 finem.
376 3799 405 3806 —
425 3772 462 3820 Gt.
485 3772 677 3835 Hildenhrand,
699 3773 787 3824 Gesclt.
814 3791 839 3823 u.
861 3775 931 3838 Spot.
956 3776 982 3824 d.
1005 3774 1164 3824 Rechts-und

123 3850 382 3914 sraarspaitosopate,
400 3851 420 3912 l,
436 3867 463 3915 p.
479 3854 523 3901 293
539 3866 599 3915 sqq.

157 3934 178 3977 1.
200 3931 259 3979 Etlr.
275 3933 330 3979 Nic.
345 3932 374 3980 Α.
391 3935 428 3980 10,
447 3935 505 3981 1090
520 3933 537 3981 h
552 3935 590 3982 18.
