2948 5212
593 672 742 715 concrusro
1149 651 1185 712 ot

148 800 360 860 mathematici
376 799 469 858 salsas
478 797 612 858 rationes
627 799 826 857 coniecerunt
839 813 845 856 :
859 795 928 872 quis
938 800 1043 855 tamen
1055 793 1188 854 Euclidis

150 905 316 966 Elementa
332 906 409 965 salsa
427 924 494 965 esse
511 905 616 964 dicet?
633 907 740 965 Nonne
754 903 897 980 scepticis
911 902 958 962 vel
976 901 1126 978 epicureis
1142 901 1190 961 vel

149 1014 254 1074 stoicis
279 1015 315 1073 de
338 1014 461 1088 justitia
487 1030 586 1072 errare
608 1011 753 1071 accidit?
778 1012 856 1087 Ergo
886 1008 1055 1069 sententias
1084 1027 1190 1068 eorum

150 1123 329 1181 omittamus
344 1124 378 1180 ut
393 1121 495 1196 ipsum
511 1119 707 1179 Aristotelem
723 1117 964 1179 consideremus·

192 1229 270 1287 Huic
292 1229 485 1287 aristotelicae
506 1227 650 1286 doetrinae
677 1226 751 1286 vitia
777 1226 916 1301 quadarn
940 1224 1041 1283 inesse
1056 1242 1112 1283 nos
1127 1241 1190 1282 non

151 1335 240 1412 sugit.
258 1337 335 1395 Nam
350 1335 483 1411 primum
500 1333 648 1393 nonnulla
664 1333 794 1392 obscura
809 1334 952 1391 manent:
970 1330 1028 1396 etsi
1046 1334 1190 1406 putamus

151 1460 208 1501 nos
221 1441 252 1501 id
268 1421 350 1502 reete
368 1441 556 1500 intellexisse
569 1441 651 1516 quod
670 1438 849 1499 Aristoteles
872 1439 907 1498 de
930 1437 1029 1514 poenis
1047 1437 1188 1508 senserit,

95 1599 98 1604 .
151 1548 554 1625 latemurphilosophumde
566 1546 821 1623 poenisnonsatis
832 1545 955 1620 copiose
966 1545 1188 1604 esselocutum.

154 1656 306 1714 Nonnulla
320 1657 399 1714 inter
414 1673 447 1714 sc
463 1673 572 1730 parum
587 1653 775 1712 conveniunt
791 1670 797 1711 :
819 1653 943 1723 etenim,
966 1652 991 1710 si
1003 1652 1125 1726 justitia
1138 1670 1192 1727 per
1240 1650 1244 1655 ’

153 1763 390 1823 mathematicas
402 1763 550 1838 quasdam
561 1761 775 1837 proportiones
794 1760 983 1835 exprimitur,
1001 1777 1061 1835 qua
1073 1759 1192 1818 ratione

57 1924 60 1928 Α
154 1869 294 1944 equitas,
314 1889 379 1944 quae
396 1869 687 1928 matbematicorum
700 1867 784 1944 leges
799 1867 940 1943 despicit,
951 1866 1191 1942 justiorjustitia

154 1994 222 2036 esse
245 1976 369 2052 potest?
395 1977 504 2036 Nescio
529 1995 567 2035 an
592 1975 771 2035 Aristotcles
793 1975 992 2050 responderet
1016 1975 1191 2049 aequitatem

153 2083 220 2142 ideo
232 2082 350 2157 justam
375 2101 443 2143 esse
466 2083 537 2158 quia
555 2082 713 2158 injustitia
728 2080 809 2162 (sive
832 2090 867 2161 τῇ
884 2079 1023 2160 electili)
1042 2081 1189 2140 occurrit:

153 2191 206 2249 sed
226 2190 283 2249 boc
300 2191 379 2266 apud
403 2209 473 2250 eum
488 2209 550 2249 non
573 2190 715 2267 legimus
741 2190 867 2261 Deinde,
893 2193 926 2247 ut
950 2189 1040 2247 nobis
1060 2188 1189 2258 videtur,
1241 2202 1249 2217 '

152 2297 335 2357 Aristoteles
353 2315 414 2356 non
425 2297 576 2357 intellexit
586 2302 738 2373 quantum
754 2298 792 2356 ad
805 2296 900 2355 vitam
911 2295 1025 2371 optime
1041 2296 1193 2372 agendam

151 2404 275 2478 justitia
287 2405 412 2464 valeret.
429 2407 505 2464 Nam
517 2405 643 2482 negavit
654 2404 808 2480 justitiam
824 2402 946 2483 (stricto
955 2421 1048 2462 sensu
1056 2402 1194 2462 intellec-

154 2508 235 2589 tam)
251 2531 320 2570 cum
335 2512 445 2572 ceteris
460 2513 626 2571 virtutibus
640 2530 719 2570 nexu
734 2513 823 2570 firmo
839 2511 1036 2586 conjunctam
1054 2528 1121 2569 esse
1135 2528 1141 2568 :
1157 2528 1193 2569 ex

154 2636 191 2677 ea
215 2622 320 2678 tamen
340 2623 447 2678 ceterae
474 2620 603 2679 virtutes
633 2619 817 2695 principium
848 2619 1010 2677 hauriunt:
1037 2636 1091 2676 cur
1110 2617 1192 2676 enim

154 2723 247 2784 alicui
265 2725 426 2784 avaritiam
444 2725 518 2784 vitio
534 2728 723 2785 verteremus
741 2725 802 2785 nisi
822 2725 905 2784 avari
924 2724 980 2783 sibi
1008 2722 1076 2798 plus
1100 2741 1193 2798 quam

150 2829 272 2905 justum
290 2834 372 2890 essct
393 2831 587 2890 tribuerent?
616 2848 670 2890 eur
689 2831 912 2908 benignitatem
934 2829 1079 2888 virtutem
1101 2847 1192 2888 voea-

94 2985 97 2991 .
152 2952 222 2994 mus
234 2936 294 2995 nisi
307 2937 380 3011 quia
394 2937 531 2997 duriores
544 2937 601 2996 viri
614 2937 724 2997 ceteris
738 2937 841 2996 minus
857 2937 931 2995 dant
944 2954 1036 3010 quam
1051 2935 1193 3010 justum?

153 3043 262 3101 Nonne
295 3042 360 3117 ipse
393 3043 573 3110 Aristoteles
607 3047 695 3119 putat
722 3043 900 3114 amicitiam,
933 3042 993 3100 nisi
1022 3041 1108 3116 justa
1142 3041 1191 3110 sit,

87 3155 90 3158 ’
130 3144 272 3207 ¹nullam
298 3167 368 3207 cum
394 3150 508 3208 virtute
536 3150 716 3209 societatem
741 3149 897 3226 jungere?
930 3149 1057 3217 Rursus,
1088 3166 1193 3206 nonne

154 3253 263 3312 scribit
279 3255 342 3313 baec
358 3256 461 3314 vocari
474 3255 549 3314 vitia
571 3274 637 3331 quae
650 3274 707 3315 nos
731 3257 768 3316 ad
788 3256 905 3331 injuste
925 3254 1063 3314 iacienda
1083 3253 1193 3328 impel-

153 3359 265 3419 lant1‘?
281 3362 451 3433 Postremo,
469 3362 494 3422 si
510 3362 605 3439 leges,
623 3382 688 3439 quae
709 3381 766 3422 nos
791 3381 897 3422 omnes
919 3362 1048 3421 virtutes
1070 3361 1190 3433 docent,

153 3484 172 3525 a
181 3466 302 3542 justitia
313 3468 446 3527 naturali
458 3473 559 3527 ortum
568 3473 687 3545 petunt,
697 3469 819 3544 justitia
829 3468 977 3528 naturalis
986 3485 1092 3526 omnes
1100 3468 1194 3525 virtu-

153 3576 202 3631 tes
213 3591 269 3632 nos
281 3575 379 3633 docet.
390 3574 470 3646 Quin
482 3575 588 3648 etiam,
600 3575 795 3635 Aristotelem
811 3575 1033 3650 reprehendere
1044 3574 1193 3633 audemus

154 3679 237 3754 quod
249 3680 404 3739 neminem
419 3698 491 3758 erga
507 3682 708 3756 semetipsum
717 3681 867 3756 injustum
878 3681 972 3740 luisse
984 3681 1120 3758 negavit.
1138 3681 1194 3739 Hic

153 3784 279 3860 quidem
303 3787 356 3866 qui
376 3787 481 3846 volens
508 3787 658 3847 minorem
683 3789 832 3847 bonorum
855 3791 973 3864 partem
996 3788 1131 3863 percepit
1157 3805 1193 3846 ea

186 4015 209 4062 l.
227 4011 301 4064 ittet.
317 4014 347 4065 Α.
365 4017 403 4064 lb.
420 4016 506 4066 1368b
520 4017 558 4066 13.
