2948 5212
261 845 331 937 DE
375 844 608 938 JUSTITIA
650 845 793 937 APUD
835 843 1218 938 nomicidium

622 1490 848 1551 PROOEMIUM

676 1679 806 1693 —d—n-

260 1917 302 1977 De
312 1917 435 1992 justitio
463 1918 544 1994 apud
575 1917 771 1978 Aristotelem
793 1919 927 1994 primum
960 1918 1124 1979 dicendum
1141 1922 1188 1978 cst
1206 1937 1260 1978 cur

219 2024 367 2084 disserere
385 2024 527 2084 velimus.

259 2131 324 2190 Nisi
341 2135 440 2192 certos
466 2133 545 2191 fines
562 2131 652 2192 nobis
675 2132 953 2206 constituissemus,
975 2151 1038 2192 non
1062 2133 1161 2192 solnm
1186 2132 1258 2208 quid

217 2237 398 2298 Aristoteles
427 2240 480 2298 sed
507 2238 600 2298 eiiam
619 2240 691 2315 quid
714 2241 926 2315 unusquisque
943 2258 1111 2317 graecorum
1134 2240 1257 2315 sapien-

217 2345 297 2404 tium
320 2347 356 2406 de
375 2345 498 2420 justitia
521 2347 651 2406 senserit
675 2365 808 2422 quaererc
823 2346 957 2421 juvaret.
985 2346 1146 2422 Numquis
1171 2346 1257 2405 loeus

217 2452 317 2530 magis
333 2471 426 2528 quam
443 2453 495 2513 illa
513 2453 641 2528 antiquo
658 2453 773 2514 Graecia
800 2454 837 2513 ad
855 2453 1018 2513 scientiam
1042 2453 1121 2527 juris
1135 2471 1258 2529 promo·
1332 2480 1335 2484 “

218 2559 349 2619 vendam
363 2579 499 2636 unquam
517 2560 647 2620 idoneus
663 2560 744 2619 suit?
775 2561 829 2619 ubi
846 2560 1046 2619 minimorum
1072 2559 1257 2635 municipio-

217 2683 285 2724 rum
303 2665 535 2744 magistratibus
552 2684 615 2725 non
631 2666 730 2726 solum
748 2685 783 2726 ea
801 2685 873 2726 eura
891 2667 949 2725 suit
965 2670 1000 2726 ui
1015 2667 1079 2726 vics
1094 2666 1259 2725 immundi-

216 2772 268 2831 tiis
286 2776 453 2850 purgarent
468 2774 521 2832 sed
536 2773 629 2833 etiam
640 2777 674 2833 ui
689 2792 798 2860 corpus
816 2775 970 2849 quoddam
984 2773 1088 2850 legum
1102 2773 1257 2850 integrum

216 2879 425 2939 instituerent.
443 2881 524 2952 Quoi
541 2881 623 2940 enim
639 2882 733 2941 Graeci
751 2881 890 2940 civitates
902 2881 1112 2952 condiderunt,
1131 2883 1176 2939 tot
1189 2881 1257 2939 osfi-

218 2987 304 3045 cinos
318 2987 398 3061 juris
425 2987 645 3047 instruxerunt.
666 2989 772 3063 ltaque
803 2988 828 3047 si
843 2988 911 3063 quis
940 2990 978 3047 od
1004 2987 1157 3063 justitiam
1182 2987 1257 3045 defi-

217 3093 363 3152 niendam
381 3094 482 3153 varias
498 3094 576 3169 juris
592 3095 709 3169 species
737 3097 874 3154 conferre
899 3094 1058 3166 voluisset,
1083 3093 1109 3152 is
1133 3092 1255 3152 uberio-

217 3218 282 3260 rem
298 3199 401 3277 legum
419 3201 538 3276 copiam
554 3201 584 3259 in
600 3183 695 3277 parva
712 3201 764 3260 illa
782 3202 898 3262 Graecia
913 3219 1005 3277 quam
1024 3219 1080 3261 nos
1096 3201 1128 3259 in
1144 3218 1257 3277 magna

217 3310 323 3366 nostro
337 3309 457 3383 Europa
475 3307 620 3385 colligere
631 3309 796 3384 potuisset.

257 3415 344 3486 Quod
366 3433 443 3490 opus
470 3415 651 3476 Aristoteles
677 3416 795 3491 primus
822 3415 967 3492 suscepit.
994 3417 1071 3475 Nam
1089 3432 1160 3474 cum
1180 3432 1258 3472 non-

215 3520 293 3580 nulli
315 3521 488 3598 sapientes¹
510 3523 647 3582 animum
670 3523 708 3582 ad
725 3523 827 3597 justas
849 3522 935 3600 leges
958 3523 1132 3582 condendos
1151 3520 1198 3580 vel
1219 3521 1258 3580 ad

249 3744 272 3789 1.
291 3741 328 3790 Gi.
346 3741 439 3802 Zellcr‚
457 3741 501 3791 Die
517 3740 680 3805 Philosophie
695 3741 744 3791 der
757 3740 889 3804 Griechcn,
902 3740 1083 3803 EroterTheil,
1096 3743 1124 3788 4⁰
1136 3738 1255 3801 indago,

215 3836 242 3885 p.
255 3823 295 3883 63,
310 3835 338 3871 n.
355 3825 363 3870 i
379 3837 385 3868 :
403 3841 414 3865 (ι
430 3823 482 3870 Der
499 3822 733 3885 Zusmumenhcng
746 3821 792 3871 des
807 3822 971 3886 politischen
996 3821 1053 3870 und
1068 3819 1116 3869 des
1134 3818 1256 3882 philoso-

214 3899 347 3965 phisehen
364 3900 524 3951 Charakicrs
539 3902 606 3964 zeigt
629 3902 685 3950 sich
700 3902 866 3952 numenilich
882 3901 968 3964 dorin,
991 3901 1054 3950 dass
1079 3899 1135 3948 sich
1158 3897 1256 3962 genade

213 3974 269 4029 uon
284 3980 337 4029 den
352 3980 464 4030 oltesten
476 3981 657 4046 Philosophen
667 3981 742 4031 nicht
754 3983 859 4047 wenige
870 3982 909 4032 als
924 3983 1136 4041 Stactsmiinncr,
1153 3977 1258 4028 Gosctz-

215 4061 309 4127 geber,
319 4060 463 4126 politische
477 4061 681 4112 Reformatoren
696 4061 752 4111 und
765 4062 914 4113 Feldherrn
926 4061 1005 4112 einen
1019 4061 1122 4110 Nomen
1135 4055 1260 4123 gemacht

1101 4171 1114 4224 1
