2948 5212
597 669 632 712 ou
652 670 717 712 Juur
737 670 873 712 strumii
1214 655 1251 716 29

214 797 405 870 Aristotcles,
437 815 507 856 cum
527 797 563 856 de
588 797 657 872 jure
682 797 850 856 correctivo
873 797 948 874 agit,
976 799 1013 857 de
1038 800 1137 874 poenis
1159 818 1250 877 agere

214 907 358 964 videtur:
385 891 457 970 ὅταν,
477 904 586 980 inquit,
603 909 617 960 ὃ
637 900 684 981 μὲν
701 905 792 983 πληγῇ
811 909 824 961 ὃ
841 901 868 962 δὲ
888 904 1038 982 πατάξη,ἢ
1065 905 1109 965 καὶ
1130 913 1218 985 κτείνη
1239 905 1253 964 δ’

215 1015 234 1072 δ’
247 1009 376 1090 ἀποθάνῃ,
392 1012 513 1091 διῄρηται
523 1008 553 1068 τὸ
567 1011 653 1076 πάθος
663 1015 707 1068 καὶ
720 1012 736 1087 ἡ
750 1009 839 1091 πρᾶξις
854 1009 889 1076 εἷς
902 1009 987 1070 ἄνισα·
1000 1010 1069 1071 ἀλλὰ
1079 1010 1107 1091 [ὃ
1116 1010 1254 1092 δικαστὴς]

214 1127 337 1200 πειρᾶται
356 1127 392 1199 τῇ
416 1117 496 1198 ζημίᾳ
513 1117 620 1186 ἰσάζειν,
641 1113 757 1199 ἀφαιρῶν
771 1123 817 1176 τοῦ
834 1116 937 1198 κέρδους
948 1120 968 1176 ¹.
986 1118 1109 1178 Nullum
1126 1121 1253 1179 verbum

148 1251 151 1255 ·
216 1227 329 1302 saepius
343 1244 434 1301 quam
457 1224 538 1303 ζημία
559 1224 590 1281 in
612 1224 671 1283 hoc
686 1224 786 1299 capite
804 1224 946 1301 legimus
963 1226 1134 1285 siricorum
1150 1245 1255 1303 quem-

217 1335 289 1393 dam
307 1333 379 1391 huic
394 1332 562 1390 inscribere
580 1331 738 1403 vellemus,
750 1350 853 1390 noune
868 1332 935 1391 hio:
952 1331 1011 1412 περὶ
1021 1333 1124 1412 ζημίας,
1141 1335 1255 1409 optime

215 1445 317 1506 totum
333 1444 549 1517 argumentum
558 1437 763 1513 exprimeret?
777 1438 956 1499 Aristoteles
979 1444 1083 1499 autem
1096 1445 1202 1500 mouet
1222 1459 1254 1500 se

217 1547 337 1621 dejure
352 1546 519 1605 corrective
534 1545 635 1621 loqui:
653 1562 756 1603 nonue
781 1547 818 1604 ad
835 1546 887 1620 jus
910 1547 1111 1606 correctivum
1130 1550 1148 1624 ἡ
1174 1544 1255 1627 ζημία

150 1633 154 1639 ’
218 1653 372 1728 pertinet?

259 1759 339 1830 Quid
361 1777 432 1818 vero
455 1776 508 1834 per
532 1758 589 1816 hoc
610 1759 738 1817 verbum
764 1756 875 1837 (ζημία)
892 1758 1071 1819 Aristoteles
1088 1760 1255 1838 iutelligit?

219 1867 345 1925 Poenam
360 1883 399 1923 an
412 1864 582 1923 damnum?
602 1865 807 1940 Reperiuntur
821 1865 945 1940 quidem
959 1865 1019 1924 loci
1035 1867 1085 1924 ubi
1105 1865 1186 1944 ζημία
1201 1886 1255 1942 per

220 1996 235 2027 «
255 1989 378 2048 poenam
396 1995 411 2025 ν
428 1971 459 2028 iu
471 1971 600 2030 latinam
615 1971 753 2049 linguam
775 1976 858 2030 reete
883 1973 1021 2031 vertitur.
1047 1974 1096 2032 Sic
1121 1975 1204 2034 enim
1221 1976 1257 2033 de

218 2079 367 2139 Draconis
380 2077 501 2155 legibus
513 2077 692 2137 Aristoteles
708 2079 846 2155 scripsit:
859 2077 924 2137 ίδιον
938 2077 968 2138 δ’
980 2081 1007 2138 ἑν
1016 2083 1072 2147 τοῖς
1086 2079 1172 2159 νόμοις
1185 2080 1256 2141 οὐδέν

221 2189 295 2246 ἐστιν
319 2186 379 2245 ὅτι
402 2192 446 2245 καὶ
470 2184 560 2266 μνείας
579 2185 658 2257 οίξιον,
685 2185 757 2262 πλὴν
774 2189 791 2264 ἡ
808 2184 957 2260 χαλεπότης
984 2186 1025 2246 διὰ
1046 2186 1077 2246 τὸ
1099 2195 1149 2263 τῆς
1173 2188 1257 2268 ζημία

219 2293 358 2370 pireto&
382 2293 439 2353 Vel
458 2294 556 2380 etiam¹
573 2294 609 2352 de
635 2294 737 2353 causis
762 2293 949 2353 seditionum
978 2294 1070 2353 dixit:
1096 2301 1154 2375 περὶ
1174 2292 1202 2354 δὲ
1221 2295 1257 2355 ὧν

218 2401 399 2470 στασιάζουσιν
429 2402 483 2459 ἐστὶ
516 2398 604 2478 κέρδος
636 2406 680 2459 καὶ
704 2399 770 2478 τιμί1
799 2400 843 2460 καὶ
871 2399 994 2459 τάναντία
1015 2399 1185 2468 τούτοιςκαί
1207 2402 1257 2483 γὰρ

218 2506 325 2587 ἀτιμίαν
340 2506 477 2591 φεύγοντες
490 2513 533 2567 καὶ
552 2511 647 2586 ζημίαν
660 2509 677 2579 ί)
693 2507 757 2589 ὑπὲρ
773 2514 858 2567 αὑτῶν
868 2509 885 2579 ἢ
896 2521 949 2567 τῶν
964 2508 1056 2589 φίλων,
1075 2510 1260 2579 στασιάζονσις

219 2619 247 2675 ἐν
260 2621 319 2684 ταῖς
333 2614 470 2675 ocream.
491 2616 696 2675 observemus
720 2616 880 2675 tamenin
904 2617 962 2675 hoc
992 2616 1058 2676 loco
1089 2635 1185 2692 poeuae
1210 2615 1258 2696 (τῇ

218 2722 315 2803 ζημίᾳ)
332 2727 480 2798 quaestum
497 2721 542 2802 (τὸ
558 2721 663 2802 κέρδος)
684 2723 813 2797 opponi:
841 2741 924 2799 ergo,
951 2741 1021 2782 cum
1049 2719 1108 2782 hoc
1133 2725 1259 2782 verbum

220 2828 341 2910 (κέρδος)
368 2849 528 2905 uunquam
570 2830 723 2904 proemium
759 2829 923 2906 siguificat,
951 2849 1005 2889 cur
1038 2829 1112 2888 illud
1145 2828 1257 2909 (ζημία)

218 2948 342 3007 poenam
361 2928 559 3005 designaret?
581 2927 687 3004 Saepe'*
709 2927 791 2986 enim
815 2931 897 3006 ζημία
924 2930 1071 2987 domuum
1095 2929 1256 3003 exprimit:

218 3041 303 3115 ζημίη
326 3035 473 3112 affligitur
494 3052 556 3093 nou
581 3036 680 3093 solum
700 3035 749 3093 hic
773 3035 824 3111 qui
840 3035 913 3094 tecit
935 3037 988 3094 sed
1013 3035 1105 3094 etiam
1128 3034 1178 3093 ille
1206 3034 1258 3110 qui

219 3161 332 3220 passus
348 3147 394 3201 est
408 3141 564 3216 injuriam.
584 3143 641 3201 Per
661 3143 756 3219 ζημίαν
771 3141 949 3200 Aristoteles
966 3142 1111 3218 iutelligit
1129 3145 1159 3200 et
1175 3125 1258 3216 inju-

217 3251 298 3310 riam
310 3250 348 3307 ab
362 3249 457 3309 altero
471 3253 628 3323 acceptam
641 3252 670 3307 ct
680 3250 813 3324 pretium
825 3250 863 3308 ab
876 3249 971 3308 altero
983 3248 1171 3324 persolutum
1186 3266 1192 3321 ;
1207 3266 1261 3323 per

217 3356 309 3438 κέρδος
320 3356 465 3433 intelligit
481 3359 511 3415 ct
527 3358 659 3415 fructum
677 3375 769 3431 quem
786 3357 863 3415 alter
879 3375 894 3415 e
910 3359 990 3415 furto
1012 3356 1099 3415 duxit
1118 3359 1149 3414 et
1166 3373 1259 3430 pecu-

253 3617 277 3662 1.
295 3612 353 3689 Είίι.
367 3614 424 3662 Nic.
442 3615 470 3663 E.
488 3616 510 3662 Ιί.
528 3615 587 3662 1132
604 3627 619 3662 α
635 3615 706 3662 1111.
719 3614 749 3662 V.
765 3615 846 3676 caput
859 3612 1003 3676 integrum.

251 3697 275 3744 2.
293 3693 350 3743 Pol.
363 3695 391 3743 B.
405 3696 442 3742 12.
460 3693 548 3742 12111)
565 3695 602 3742 16.
624 3692 699 3752 Quod
719 3693 752 3741 ob
772 3693 915 3742 Aristotele
931 3694 1060 3757 scriptum
1078 3707 1135 3760 esse
1147 3691 1259 3741 dubium

219 3778 277 3904 Θεία
296 3855 350 3904 Ροί.
365 3860 384 3906 Θ
398 3856 446 3917 (Ε).
463 3857 486 3902 2.
505 3857 565 3904 1302
580 3855 645 3903 o32.
663 3854 700 3903 Cf.
719 3854 793 3902 eret.
809 3854 839 3902 Α.
857 3855 894 3902 12.
910 3855 969 3902 1372
983 3868 998 3901 a
1013 3855 1041 3901 35
1057 3866 1116 3916 sqq.

253 3938 277 3984 1.
296 3934 368 3983 utet.
383 3936 413 3984 Α.
431 3931 468 3984 12.
486 3937 545 3984 1312
558 3949 573 3983 a
587 3937 610 3996 8,
626 3935 643 3983 h
660 3936 705 3994 123
724 3934 785 3983 Είίι,
801 3935 858 3982 Νἱο.
881 3935 909 3982 Η.
927 3937 949 3982 1.
968 3936 1026 3981 1119
1041 3947 1057 3982 α
1072 3935 1110 3981 30.
1135 3933 1171 3981 Cf.
1188 3933 1262 3982 locos

221 4016 271 4067 ubi
285 4023 358 4080 ζημία
373 4018 399 4065 et
413 4020 495 4081 μισθός
510 4018 685 4079 opponuntur
699 4015 769 4064 iuter
786 4029 813 4064 se
826 4029 832 4061 :
843 4014 871 4063 Ε.
889 4015 911 4062 8.
929 4015 988 4062 1133
1003 4027 1019 4062 a
1032 4015 1055 4075 5,
1071 4016 1121 4063 etc.
