2948 5212
253 645 288 687 ua
308 643 454 686 arcanam
475 643 507 685 aa
528 640 721 695 murenulam
744 640 779 682 na
801 641 919 684 PRAEMHS
942 640 974 684 m
995 644 1088 688 ronms
1150 629 1188 688 47

146 773 217 828 tum
229 769 372 845 sophistae
385 772 393 804 ¹
408 769 576 845 potentiam
592 767 734 827 laudibus
746 766 907 826 extollunt.
924 769 1073 828 Socratici
1084 790 1189 832 rursus
1285 788 1287 801 ·

149 877 369 954 dignitatema
388 876 539 952 sapientia
552 892 711 949 nunquam
733 874 930 950 sejungunt2.
949 877 1097 952 Denique,
1119 898 1189 938 cum

149 983 304 1060 plerisque
318 985 490 1044 Graecorum
504 981 584 1042 servi
601 981 706 1041 liberis
722 980 794 1039 viris
810 980 943 1056 impares
959 983 1110 1060 dignitate
1122 1005 1189 1046 esse

152 1091 304 1160 ridentur,
322 1089 432 1167 Cynici
445 1090 558 1149 liberos
574 1088 668 1148 servis
688 1091 830 1164 praestarc
846 1091 988 1166 negant³.
1010 1091 1063 1150 Cui
1082 1093 1189 1153 barum

151 1199 377 1257 sententiarum
392 1196 570 1257 Aristoteles
586 1195 740 1255 assensit?

190 1304 380 1376 Aristoteles,
391 1321 460 1362 cum
477 1304 515 1363 ab
531 1302 674 1361 omnibus
687 1301 876 1377 pbilosophis
890 1308 920 1362 et
937 1303 1071 1378 politicis
1082 1307 1191 1366 verita-

149 1415 215 1470 tem
252 1411 416 1486 quamdam
452 1411 489 1470 dc
529 1410 678 1486 dignitate
717 1409 876 1468 bominum
905 1414 1082 1486 perceptam
1121 1433 1189 1474 esse

150 1518 290 1590 credidit,
305 1536 413 1577 omnes
424 1517 596 1577 sententias
608 1517 638 1574 in
654 1534 748 1575 unam
756 1517 893 1592 redigere
903 1521 1032 1577 conatus
1045 1523 1102 1578 est.
1114 1523 1189 1581 Nam

150 1624 263 1683 virtute
274 1624 417 1700 cuiquam
433 1623 615 1701 dignitatem
631 1623 761 1682 conferri
781 1622 865 1694 dicit,
884 1625 936 1682 scd
966 1625 1009 1684 ita
1040 1627 1187 1688 virtutem

150 1731 308 1790 definitul
325 1719 433 1790 ceteris
464 1731 554 1789 bonis
587 1730 717 1806 pretium
736 1730 888 1804 quoddam
919 1731 1059 1793 tribuat:
1092 1736 1188 1796 virtus

151 1838 235 1897 enim
251 1856 266 1896 e
282 1838 411 1896 materia
441 1841 471 1896 et
489 1839 585 1896 lorma
601 1840 723 1895 constat
743 1855 874 1911 quarum
893 1837 954 1896 bac
971 1857 987 1897 a
1007 1846 1120 1911 mente,
1139 1843 1191 1902 illa

151 1963 224 2004 vero
242 1963 259 2003 a
275 1962 400 2020 corpore
418 1943 497 2003 vela
515 1945 607 2002 rebus
622 1944 757 2002 externis
776 1944 919 2018 pendetl.
935 1946 1189 2026 Variaturdigni-

152 2057 201 2110 las
217 2051 378 2109 bominum
393 2069 455 2109 nnn
471 2050 571 2109 solum
586 2050 612 2108 si
628 2052 735 2122 lorma,
753 2051 806 2109 sed
822 2051 915 2109 etiam
932 2052 956 2110 si
974 2056 1102 2114 materia
1129 2059 1190 2117 vir·
1219 2047 1222 2053 ’

152 2159 229 2217 tutis
248 2158 396 2230 variatur,
416 2177 478 2216 non
495 2157 594 2217 solum
610 2157 634 2215 si
650 2157 762 2215 mentis
778 2157 902 2217 habitus
917 2160 1059 2220 meliores
1071 2167 1125 2221 aut
1140 2183 1192 2239 pe-

150 2266 235 2340 jores
250 2265 339 2335 fiunt,
359 2265 521 2324 sedetiam
537 2263 562 2322 si
580 2264 659 2323 vires
683 2264 817 2340 corporis
836 2269 866 2323 et
894 2267 983 2341 copia
1014 2269 1190 2330 divitiarum

152 2375 296 2431 crescunt
313 2371 360 2429 vel
381 2371 571 2430 minuuntur.
590 2372 656 2442 Qua
689 2372 756 2447 lege
784 2372 895 2446 posita,
929 2373 1090 2434 rideamus
1113 2397 1190 2452 quos

153 2479 313 2554 dignitatis
329 2481 442 2554 gradus
454 2478 633 2537 Aristotcles
651 2478 732 2537 inter
750 2478 888 2537 lromines
900 2483 1106 2542 constituerit.

195 2586 313 2644 Gradus
330 2586 490 2662 dignitatis
505 2584 685 2644 Aristotcles
700 2586 743 2644 ita
763 2587 923 2646 constituit
939 2592 982 2658 ut,
1003 2608 1056 2649 eris
1073 2591 1111 2649 ab
1129 2593 1187 2650 lm-

153 2691 291 2750 millimis
303 2693 340 2750 ad
351 2692 557 2767 amplissimos
568 2698 777 2761 recensentes
790 2694 828 2752 ab
842 2694 1028 2756 animalibus
1038 2698 1074 2755 ad
1087 2699 1191 2758 divina

153 2800 400 2858 ascenderemus
419 2801 495 2858 Nam
507 2799 670 2857 humillimi
685 2801 842 2858 bominum
859 2806 889 2860 et
902 2821 1027 2878 corpore
1042 2809 1072 2863 et
1087 2811 1191 2865 mente

155 2905 204 2962 vix
221 2904 406 2964 animalibus
431 2909 585 2981 prastant.
616 2905 768 2964 Animalia
786 2908 914 2966 rationis
944 2911 1081 2984 expertia
1105 2913 1191 2987 cupi-

152 3011 301 3070 ditatibus
319 3012 458 3070 serviunt
470 3011 479 3044 ὅ
489 3030 495 3084 ;
507 3012 649 3070 nesciunt
665 3030 756 3086 quem
772 3013 808 3070 ad
824 3014 916 3071 finem
931 3020 1037 3091 agant,
1052 3018 1105 3075 sed
1116 3035 1192 3094 gau-

153 3117 204 3175 dio
222 3116 268 3175 rel
282 3117 385 3177 dolore
403 3117 602 3203 impelluntur
616 3119 654 3177 ad
671 3119 700 3176 id
715 3119 868 3194 agendum
885 3123 965 3195 qrrod
983 3124 1192 3184 necessarium

186 3349 209 3394 l.
228 3345 332 3408 divitae,
349 3347 393 3394 338
404 3361 435 3407 c;
453 3348 570 3410 (inopias,
588 3349 641 3396 484.

185 3428 208 3472 2
228 3425 347 3488 Gemina,
362 3428 406 3475 488
418 3441 440 3488 c,
458 3430 500 3476 489
511 3441 534 3485 c,
550 3429 604 3476 490.
875 3471 876 3474 ,

184 3507 209 3553 3.
226 3505 318 3567 Zeller,
339 3507 372 3555 Lo
389 3505 555 3570 Plrilosopbie
584 3507 630 3556 des
651 3509 727 3558 Graes
752 3509 823 3572 (gall.
849 3525 926 3573 vera,
952 3514 1004 3562 rol.
1027 3514 1071 3576 lll,
1088 3530 1113 3578 p.
1137 3517 1191 3577 292,

151 3585 218 3646 293).
234 3585 271 3634 cf.
287 3586 439 3636 Aristotelis
454 3587 507 3635 Pol.
525 3589 554 3636 Α.
572 3591 593 3637 3.
612 3590 696 3638 iasab
712 3591 750 3639 28,

184 3669 208 3713 4.
225 3666 290 3714 lure
304 3666 387 3729 igitur
399 3667 520 3718 l‘ecbner
531 3670 589 3732 (Op.
600 3670 654 3731 cit,
665 3683 690 3733 p.
701 3672 741 3726 34)
754 3673 821 3733 ἀξίαν
834 3686 882 3734 per
898 3690 909 3718 «
921 3673 1057 3723 sillliclren
1073 3676 1166 3725 Werth
1181 3695 1191 3720 n

151 3744 288 3806 reddidit;
306 3743 350 3794 sed
363 3748 423 3809 jure
441 3748 625 3798 llildenbrand
639 3750 700 3813 (Op.
718 3751 772 3813 cit,
792 3767 817 3814 p.
836 3754 891 3816 294)
907 3753 976 3802 banc
991 3754 1193 3818 interpretatio·

150 3839 215 3874 nem
229 3827 339 3887 rejecit:
356 3840 411 3876 non
427 3827 513 3876 solnm
527 3830 599 3878 enim
615 3830 700 3880 virtus
723 3832 770 3879 scd
786 3832 866 3882 etiam
888 3836 998 3882 externa
1016 3835 1087 3884 bona
1102 3836 1192 3900 digni-

152 3906 237 3954 tatem
254 3906 432 3955 constituunt.

185 3987 208 4034 5.
228 3984 283 4034 Pol.
296 3985 326 4034 Α.
343 3988 365 4034 5.
384 3987 443 4034 1254
462 3987 478 4036 b
495 3989 533 4038 23⁴
