2948 5212
220 586 254 627 DE
276 586 421 628 DIGNITATE
442 588 474 628 ET
495 587 687 643 mumdum-:3
712 588 747 628 DE
768 587 886 630 Pumilus
908 588 940 628 ET
961 586 1055 630 POENlS
1117 571 1151 630 (ii

118 710 248 785 cupiunt
271 713 352 772 hune
376 714 523 772 honorem
548 715 605 789 ipsi
631 717 755 790 petunt:
776 717 818 786 at,
844 714 944 789 inquit
964 714 1151 787 Aristoteles,

116 834 246 877 necesse
263 822 310 878 est
318 838 371 879 eos
381 821 531 896 imperare
547 840 607 881 non
620 821 671 896 qui
686 821 852 896 cupiditate
869 822 922 880 sed
937 823 988 896 qui
1004 822 1154 898 dignitate

116 928 279 998 praestent:
306 929 347 986 δεῖ
366 927 416 1006 γὰρ
441 935 485 986 καὶ
509 925 662 1007 βουλόμενον
683 926 727 987 nui
752 927 791 1006 μὴ
818 926 975 1007 βουλόμενον
998 927 1088 1009 ἄρχειν
1111 928 1155 988 τὸν

116 1029 187 1100 ἄξιον
205 1042 254 1110 τῆς
271 1030 384 1115 dep-pict
400 1035 604 1106 Quamobrem
621 1054 719 1111 neque
733 1039 813 1094 sorte
829 1054 928 1111 neque
946 1038 1062 1095 oensu²
1078 1039 1156 1112 opti-

116 1157 184 1198 mos
207 1128 408 1217 magistratus
439 1143 595 1219 designari
621 1147 719 1217 putat.
757 1144 814 1203 Sed
842 1144 867 1202 is
896 1144 965 1219 jure
993 1145 1155 1219 imperium

116 1246 237 1306 obtinet
259 1266 350 1323 quem
374 1249 483 1309 civitas
507 1252 544 1309 ad
569 1251 627 1309 hoo
649 1252 816 1327 gerendum
838 1252 980 1310 educavit
996 1252 1043 1311 vel
1059 1271 1153 1327 quem

117 1351 199 1410 inter
215 1354 349 1428 optimos
367 1355 449 1414 cives
465 1357 629 1430 prudentes
652 1357 812 1432 elegerunt
824 1358 846 1417 ³.
868 1357 916 1415 Sio
942 1375 1018 1416 verae
1035 1357 1156 1418 virtutis

116 1456 245 1532 imperia
257 1463 287 1517 et
303 1460 435 1519 honores
449 1462 535 1536 justa
552 1462 674 1537 praemia
690 1465 773 1521 sunt.

157 1565 284 1638 Deinde,
303 1571 379 1641 quot
394 1568 475 1626 cives
491 1586 560 1627 vera
582 1569 695 1627 virtute
718 1569 864 1641 eminent,
890 1572 937 1628 tot
957 1569 1155 1646 magistratus

116 1669 278 1746 imperium
294 1677 399 1732 tenere
415 1675 512 1733 decet.
532 1697 545 1728 a
563 1677 587 1733 Α
602 1674 695 1749 priori
707 1697 735 1745 o,
749 1678 784 1732 ut
798 1675 839 1733 ita
852 1674 963 1746 dicam,
975 1675 1154 1734 Aristoteles

117 1777 238 1836 dubitat
263 1783 365 1837 utrum
380 1781 493 1855 justius
518 1781 558 1839 sit
584 1799 679 1839 unum
696 1798 735 1839 an
752 1779 854 1855 plures
874 1780 1034 1856 imperare.
1053 1782 1111 1841 Sed
1129 1782 1154 1840 si

100 1884 163 1942 ,vir
177 1890 388 1946 unustantuni
400 1888 510 1947 ceteris
525 1891 648 1963 praestet
663 1891 812 1963 quantum
826 1888 868 1945 dii
882 1888 1069 1961 hominibus,
1087 1888 1153 1947 sino

116 1991 211 2050 dubio
235 1994 355 2068 justum
382 1998 429 2053 est
459 1996 542 2053 hunc
563 1995 664 2054 virum
687 2012 784 2052 unum
804 1994 993 2069 imperare⁴;
1027 1995 1052 2053 si
1080 1997 1153 2054 ordo

116 2097 241 2171 quidam
274 2099 387 2158 civium
414 2101 522 2159 ceteris
556 2099 714 2159 ordinibus
741 2103 872 2176 praestet,
904 2101 986 2158 hunc
1015 2101 1153 2159 ordinem

115 2203 266 2279 imperare
289 2207 444 2281 justornm
462 2225 568 2266 omnes
589 2207 720 2282 denique
738 2207 891 2281 imperent
908 2206 937 2266 ‘si
957 2220 1043 2281 pares
1061 2206 1151 2265 sintss.

116 2312 212 2370 Nemo
240 2313 273 2371 in
296 2315 388 2372 rebus
411 2313 544 2388 politicis
570 2314 650 2386 usui,
676 2312 725 2372 vel
751 2336 765 2368 α
794 2313 987 2391 experientia
1014 2336 1029 2368 >›
1055 2315 1154 2391 magis

116 2435 209 2493 quarn
226 2419 404 2478 Aristoteles
420 2438 555 2495 unquam
577 2420 712 2479 confisus
730 2423 795 2505 est:
816 2442 830 2474 ς(
847 2438 865 2479 a
882 2419 1005 2494 priori»
1031 2419 1153 2498 quidem

115 2523 230 2583 seimus
243 2526 442 2602 magistratus
458 2527 538 2586 inter
552 2526 704 2601 oives'pro
717 2525 866 2603 dignitate
879 2525 1058 2584 dividendos
1074 2544 1151 2597 esse,

115 2633 169 2689 sed
185 2650 249 2707 quae
268 2633 308 2692 sit
325 2633 436 2691 civium
450 2635 585 2711 dignitas
608 2652 681 2692 usus
704 2636 803 2694 docet.
823 2669 862 2677 —
877 2611 966 2704 Quid,
982 2632 1153 2692 Aristotelis

114 2739 316 2812 temporibus,
328 2740 417 2799 docet
428 2741 524 2799 usus?
535 2743 630 2799 Nemo
642 2743 698 2812 est,
712 2740 823 2814 iuquit,
834 2739 885 2815 qui
897 2739 978 2816 regis
990 2757 1153 2814 personam

114 2845 283 2905 sustineat:
303 2845 332 2905 ori
348 2844 460 2925 γίνονται
475 2846 497 2904 δ’
513 2848 555 2904 ἔτι
572 2849 700 2926 βασιλεῖαι
720 2851 764 2906 νῦν
778 2844 820 2905 δὴ
837 2844 867 2905 τὸ
884 2845 996 2912 πολλοὺς
1010 2839 1077 2905 εἶναι
1093 2847 1154 2912 τοὺς

112 2956 221 3028 ὁμοίους
241 2958 286 3009 καὶ
308 2951 409 3031 μηδένα
432 2951 588 3033 διαφέροντα
614 2963 739 3012 τοσοῦτον
768 2951 832 3020 ὣςτε
858 2949 1007 3032 ἀπαρτίζειν
1032 2952 1094 3032 πρὸς
1122 2951 1153 3010 τὸ

111 3056 225 3136 μέγεθος
248 3057 291 3117 καὶ
314 3057 345 3116 τὸ
365 3054 466 3138 ἀξίωμα
487 3069 535 3137 τῆς
557 3056 670 3139 ἁρχῆςἾ.
698 3061 815 3118 Rursus
832 3077 922 3118 nemo
942 3059 1089 3136 indignus
1107 3062 1153 3118 est

145 3273 168 3318 1.
187 3269 281 3319 Potss.
298 3273 473 3321 11211111.

141 3350 167 3398 2.
185 3349 259 3398 utet.
275 3351 305 3399 Α.
320 3351 446 3399 1113651)
459 3354 486 3400 31
504 3365 562 3414 sqq.

143 3433 167 3478 3.
185 3429 238 3480 Pol.
250 3439 267 3479 Δ
281 3431 325 3493 (Η)
342 3435 365 3479 d.
382 3432 467 3481 t326b
484 3435 511 3480 14
524 3448 530 3480 :
545 3435 606 3499 πρὸς
619 3433 643 3481 δὲ
655 3435 682 3483 τὸ
698 3443 782 3499 κρίνειν
795 3434 849 3498 περὶ
863 3441 907 3480 τῶν
923 3431 1019 3480 δικαίων
1038 3433 1077 3480 καὶ
1092 3432 1153 3496 πρὸς

109 3595 169 3646 εἱσι,
180 3596 231 3649 τοὺς
246 3595 355 3650 πολίτας.

141 3675 166 3720 1.
185 3672 240 3720 Pol.
254 3680 272 3720 Δ
285 3673 328 3732 (H)
343 3674 366 3721 3.
384 3674 471 3721 ruauh
488 3677 532 3731 1ος
548 3681 575 3722 Γ.
592 3677 629 3722 13.
645 3673 705 3723 1281
720 3675 737 3722 h
753 3673 836 3722 32-31.

142 3755 166 3801 5.
184 3752 239 3801 Pol.
255 3755 336 3817 utll).
353 3757 391 3802 11.
408 3754 467 3802 1332
482 3754 498 3802 h
513 3756 550 3803 16.

142 3836 166 3882 6.
185 3834 237 3883 Pol.
250 3841 277 3884 Γ.
292 3837 315 3883 6.
331 3837 389 3884 1219
402 3850 418 3883 a
433 3835 455 3883 8.
496 3861 498 3863 ·

141 3916 165 3961 1.
183 3914 239 3963 Pol.
254 3919 273 3965 o
287 3916 325 3976 (E)
340 3918 377 3962 11).
396 3916 455 3963 1313
469 3929 484 3963 a
500 3917 513 3962 3
528 3928 588 3976 sqq.
