2948 5212
214 615 253 678 26
491 640 528 683 ue
548 641 669 685 susurri
690 641 762 687 eruo
783 644 971 690 imsroramu

254 761 356 824 Prima
370 763 452 826 linea
467 765 530 848 (ατ)
544 786 607 828 rem
622 769 789 850 venditoris
811 776 976 847 postquam
993 789 1111 832 merces
1128 773 1252 833 tradidit

214 867 262 928 vel
279 888 342 930 rem
355 868 422 948 ejus
435 875 487 950 qui
501 875 648 950 injuriam
663 895 772 952 passus
788 882 835 938 est
848 879 1020 957 significat;
1040 880 1133 940 tertia
1150 883 1253 940 autem

214 975 295 1035 linea
311 976 374 1058 (γδ)
390 998 453 1040 rem
475 984 620 1058 emptoris
644 989 808 1061 postquam
831 1003 948 1045 meroes
972 987 1092 1062 accepit
1113 986 1163 1047 vel
1189 1005 1252 1046 rem

214 1083 288 1143 iuris
304 1090 464 1162 postquam
481 1091 594 1149 furtum
610 1092 700 1165 secit3
715 1092 848 1169 denique
864 1092 904 1172 ββ’
920 1093 1063 1168 exprimit
1077 1111 1128 1152 res
1139 1094 1252 1153 utrius-

214 1207 273 1264 que
288 1190 330 1250 ita
343 1194 503 1255 restitutas
514 1201 547 1255 ut
558 1199 611 1272 jus
628 1199 832 1258 correctivum
847 1199 985 1276 requirit.
998 1199 1055 1259 Vel
1071 1200 1185 1260 etiam:
1199 1206 1212 1259 ὀ
1225 1198 1254 1259 δὲ

214 1297 341 1375 δικαστὴς
364 1301 488 1371 ἔπανιοοῖ,
516 1310 560 1363 καὶ
587 1304 675 1386 ὥσπερ
693 1313 821 1385 γραμμῆς
834 1305 870 1373 εἷς
887 1305 964 1366 ἄνισα
980 1305 1158 1385 τετμημένης,
1178 1308 1200 1387 ᾧ
1221 1305 1252 1366 τὸ

215 1405 304 1481 μεῖζον
321 1414 420 1485 τμῆμα
438 1417 489 1486 τῆς
508 1413 633 1489 ἡμισείας
660 1411 793 1494 ὑπερέχει,
812 1411 885 1471 τοῦτ’
900 1414 992 1494 ἀρεῒλε
1007 1419 1052 1473 καὶ
1075 1417 1114 1494 τῷ
1133 1414 1255 1474 ἐλάττονι

215 1512 337 1589 τμήματι
363 1515 531 1595 προσέθηκεν.
558 1518 622 1578 ὅταν
648 1517 674 1579 δὲ
698 1520 760 1593 δίχα
783 1522 903 1600 διαιρεθῇ
929 1517 960 1579 τὸ
983 1519 1055 1593 δ’λον,
1083 1517 1144 1579 τότε
1173 1526 1252 1602 φασὶν

215 1622 287 1698 ἔχειν
301 1620 332 1684 τὸ
349 1627 429 1683 αὑτοῦ
450 1623 513 1683 ὅταν
530 1625 630 1686 λάόωσι
649 1625 680 1685 τὸ
702 1625 792 1686 ίσονί.
819 1627 880 1699 Sic,
904 1626 1035 1703 exempli
1051 1627 1162 1705 gratia,
1181 1629 1250 1702 post

216 1734 333 1792 furtum
347 1750 396 1792 res
411 1732 571 1810 utriusque
587 1734 643 1793 viri
657 1737 826 1812 figuremus
842 1752 848 1794 :

206 1900 823 2006 —-—-r-E-
855 1945 1011 2028 (r>p').

227 2096 301 2155 Post
312 2095 465 2170 judicium
481 2099 591 2158 casita
608 2100 742 2177 figurare
758 2117 942 2175 possumus:

205 2243 1255 2418 -ss-r-ss--p--rvmssg-t)·

216 2452 276 2510 Sed
288 2449 337 2509 hio
350 2449 423 2525 quid
443 2466 519 2525 opus
537 2451 583 2507 est
607 2447 802 2525 geometricis
822 2448 881 2508 illis
905 2448 1036 2526 figuris?
1060 2447 1254 2518 Aristoteles,

217 2575 287 2617 eum
311 2559 408 2634 figura
424 2557 554 2615 alterum
570 2555 699 2629 justitiae
714 2573 812 2632 genus
828 2554 1044 2614 illustravissct
1059 2553 1192 2616 aiterum
1202 2572 1258 2629 per

217 2665 392 2741 analogiam
400 2663 574 2722 illustravit.
590 2662 651 2721 Sed
664 2662 721 2721 illae
738 2661 825 2721 lineae
839 2680 1036 2721 numerorum
1051 2661 1257 2737 quorumdam

216 2773 299 2831 vices
313 2774 422 2830 tenent
442 2787 542 2844 neque
564 2769 725 2829 obscurius
749 2769 859 2828 suisset
883 2785 1027 2828 numeros
1045 2786 1138 2843 quam
1155 2766 1257 2827 lineas

216 2896 340 2955 ponere.
361 2878 424 2938 lmo
440 2876 559 2937 numeri
580 2875 680 2935 lineas
696 2874 865 2951 explicant:
886 2876 955 2951 jure
971 2863 1066 2952 igitur
1080 2875 1257 2933 mathema-

215 2987 269 3046 tici
287 2986 367 3045 hane
382 2984 609 3061 proportionem
625 2982 851 3042 arithmeticam
864 2985 1061 3041 vocaverunt

255 3091 434 3153 Aristoteles
445 3109 498 3167 per
509 3090 663 3165 justitiam
676 3088 882 3166 equalitatem
898 3088 1054 3165 iutelligit,
1072 3088 1125 3146 scd
1143 3087 1258 3162 duplex

217 3204 264 3260 est
285 3199 460 3275 aequalitas:
484 3198 539 3256 ’ἐστι
563 3194 591 3255 δὲ
612 3194 700 3255 διττὸν
714 3193 745 3255 τὸ
756 3195 821 3255 ἴσον·
847 3195 877 3254 τὸ
897 3192 1011 3275 μὲνγὰρ
1035 3199 1147 3274 ἀριθμῷ,
1173 3191 1205 3252 τὸ
1230 3191 1258 3252 δὲ

214 3307 273 3366 κατ’
284 3303 356 3375 ἀξίαν
367 3304 432 3364 ἐστί·
448 3302 520 3383 λέγω
531 3303 554 3360 δ’
565 3299 670 3383 ἀριθμῷ
686 3301 732 3382 μὲν
744 3300 775 3362 τὸ
789 3303 912 3379 advideri}
922 3300 1026 3380 μεγέθει
1036 3299 1117 3360 ταύτὸ
1129 3298 1173 3359 καὶ
1184 3298 1255 3371 ἰ’σον,

215 3413 274 3473 κατ’
284 3411 356 3482 ἀξίαν
373 3409 400 3469 δὲ
415 3409 445 3470 τὸ
462 3422 501 3490 τῷ
516 3407 598 3489 λόγῳ.
608 3410 671 3469 Οἷον
684 3408 805 3488 ὑπερέχει
815 3413 880 3468 κατ’
891 3405 1000 3489 ἀριθμὸν
1014 3405 1060 3486 μὲν
1078 3405 1135 3466 έσον
1150 3407 1185 3464 τὰ
1197 3406 1257 3487 τρία

214 3524 270 3580 τοῖν
281 3523 350 3580 δυοῖν
365 3519 409 3578 καὶ
425 3527 510 3577 ταῦτα
525 3524 571 3576 τοῦ
582 3514 637 3584 ἑνός
652 3514 685 3596 (3
697 3551 735 3558 -
746 3515 764 3574 2
776 3543 811 3566 =
825 3514 842 3573 2
856 3548 890 3557 -
904 3514 948 3594 1)·
966 3512 1040 3594 λόγῳ
1054 3511 1081 3573 δέ
1096 3510 1130 3572 ric
1139 3510 1258 3592 τέτταρα

214 3632 268 3688 τοῖν
294 3630 363 3687 δυοῖν
375 3632 420 3686 καὶ
440 3632 526 3685 ταῦτα
545 3629 593 3697 τοῦ
606 3621 676 3704 ,ἑνός’
691 3623 746 3682 ἴσον
763 3625 813 3702 γὰρ
838 3621 914 3703 μέρος
933 3624 968 3680 τὰ
984 3618 1028 3680 δύο
1047 3631 1101 3679 τῶν
1119 3620 1256 3700 τεττάρων

801 3729 879 3884 {2
891 3729 955 3904 ξ)
973 3767 1257 3847 Optimehoel‘olr'-

214 3780 259 3841 atii
275 3778 307 3839 τὸ
323 3777 349 3838 ἕν
361 3782 418 3838 τοῖν
427 3781 506 3838 δυοῖν·
521 3775 601 3856 ἄμρω
615 3778 665 3857 γὰρ
678 3775 762 3854 ἡμίση
780 3733 800 3902 (

245 3992 301 4041 Nic.
315 3993 343 4041 E.
361 3994 385 4041 Ἰ.
401 3991 461 4040 1132
485 3991 541 4040 aee.
