2948 5212
227 628 244 687 2
506 649 540 690 on
560 649 681 692 Jusrrni
702 648 774 692 ,iren
797 652 983 694 lnrsrornmn

222 773 308 846 justa
324 772 441 847 judicia
466 775 592 834 serenda
618 775 832 849 adhibuerant,
862 778 898 836 iis
921 780 972 854 jus
1003 799 1142 842 exercere
1160 785 1264 859 potius

226 898 318 955 quam
327 880 453 940 definire
464 881 631 957 placuerat.
648 883 765 959 Quippe
775 902 829 942 cur
838 884 993 958 justitiam
1005 888 1264 964 descripsissent?

225 988 344 1061 Nonne,
364 991 398 1046 ut
413 987 506 1048 Polus
527 990 606 1064 apud
632 989 792 1049 Platonem
816 991 980 1066 loquitur¹,
1001 1013 1107 1054 omnes
1130 1016 1196 1071 qua
1224 999 1264 1056 sit

220 1093 343 1168 justitia
358 1113 391 1154 se
404 1095 481 1155 scire
495 1097 644 1155 credunt?
660 1097 738 1168 Quid
751 1098 907 1156 oecultum
919 1099 972 1173 jus
989 1100 1063 1159 illud
1079 1120 1145 1161 esse
1161 1108 1263 1178 potest

223 1202 304 1277 quod
312 1202 447 1277 quotidie
462 1203 494 1261 in
505 1203 657 1263 sexcentis
672 1204 959 1281 civitatibuspalam
969 1209 1263 1286 creaturpalamque

222 1308 427 1368 immutatur?
442 1311 549 1386 ltaque
562 1311 635 1385 quid
652 1313 743 1370 relert
757 1329 835 1384 eain,
855 1331 947 1387 quam
964 1333 1070 1374 omnes
1095 1322 1260 1388 noverunt,

219 1415 374 1489 justitiam
385 1417 493 1476 docere
504 1417 518 1474 ‘l
528 1419 597 1476 Hac
606 1419 742 1477 docenda
761 1423 832 1478 sunt
850 1421 1012 1495 quaejustae
1025 1421 1109 1499 leges
1121 1423 1263 1483 facienda

220 1523 341 1597 jubent,
356 1543 422 1600 quae
433 1525 586 1583 contraria
602 1525 775 1600 prohibent.
796 1525 872 1584 Cum
887 1527 982 1603 igitur
997 1529 1035 1586 ad
1051 1547 1141 1587 usum
1159 1531 1263 1604 potius

223 1648 314 1706 quain
323 1632 361 1690 ad
371 1632 540 1691 doctrinam
550 1633 650 1691 omnis
661 1632 711 1691 illa
724 1632 853 1707 pristina
863 1634 1014 1708 sapientia
1024 1640 1186 1710 spectaret,
1198 1656 1264 1696 mo-

220 1737 331 1796 teriam
349 1737 483 1798 scientiae
498 1738 627 1813 paravit,
639 1739 801 1799 scientiam
811 1759 883 1798 vero
896 1742 1034 1799 nondum
1049 1742 1239 1801 informavit.

260 1845 331 1904 lam
344 1848 446 1905 autem
462 1845 588 1905 Periclis
612 1849 712 1919 atate,
730 1846 756 1904 is
771 1846 868 1904 risum
893 1848 1041 1906 movisset
1059 1849 1111 1923 qni
1140 1849 1263 1908 Solonis

222 1969 387 2027 personam
403 1933 545 2027 cepisset.
571 1953 646 2011 Tum
664 1951 745 2011 enim
770 1951 855 2011 nulla
872 1957 918 2012 est
947 1955 1120 2013 Graeoorum
1138 1955 1260 2029 eivitaS,

221 2054 306 2118 nulla
319 2058 439 2118 colonia
455 2078 519 2135 quae
532 2059 617 2136 leges
633 2048 704 2119 suas
719 2079 781 2118 non
792 2061 925 2131 habeat3
943 2079 1031 2135 quas,
1052 2061 1077 2119 si
1094 2062 1177 2133 velit,
1194 2063 1261 2139 ipse

220 2165 361 2241 populus,
387 2166 548 2225 sententiis
567 2167 753 2242 sapientium
777 2166 938 2242 neglectio,
965 2171 1075 2226 mutat.
1096 2169 1200 2240 Porro,
1219 2170 1262 2227 ila

220 2273 345 2332 diversae
360 2277 433 2332 sunt
443 2272 527 2350 leges
541 2291 708 2350 gracorum
726 2272 886 2332 civitatum
904 2275 937 2329 ut
953 2273 1070 2331 incerta
1087 2277 1117 2331 et
1128 2275 1262 2334 obscura

219 2379 339 2454 justitia
355 2398 421 2439 esse
437 2381 586 2440 rideatur.
603 2382 710 2455 ltaque
726 2378 912 2455 philosophi,
928 2398 997 2438 cum
1008 2381 1108 2455 prisco
1125 2400 1179 2440 suo
1196 2401 1262 2440 nin-

219 2486 351 2564 gistratu
376 2491 448 2546 sunt
462 2487 591 2564 depulsi,
609 2487 764 2562 justitiam
789 2486 915 2546 definire
945 2492 1106 2546 conantur.
1134 2488 1203 2559 hlii,
1226 2493 1262 2546 ut

219 2595 372 2670 sophistae,
390 2594 552 2670 populares
568 2599 704 2654 oratores
727 2595 837 2652 docent
859 2592 935 2651 nihil
953 2593 1036 2652 aliud
1052 2594 1172 2668 justum
1191 2614 1261 2654 esse

218 2702 279 2760 nisi
306 2702 386 2777 quod
409 2701 537 2761 utilitati
560 2702 767 2777 potentiorum
788 2699 957 2776 indulgeat.
983 2699 1053 2771 Alii,
1082 2701 1161 2758 inter
1181 2720 1261 2774 quos

219 2808 305 2867 Plato
321 2809 446 2882 eminet,
464 2827 534 2868 cum
552 2810 632 2884 apud
650 2809 731 2867 cives
757 2826 827 2866 suos
846 2825 953 2882 parum
984 2806 1118 2879 valeant,
1138 2809 1259 2882 perlec-

217 2919 282 2974 tam
306 2917 471 2991 quamdam
504 2915 659 2975 civitatem
686 2916 774 2990 eujus
800 2913 885 2991 leges
906 2913 996 2987 justae
1022 2913 1093 2986 sint,
1122 2914 1257 2989 fingunt.

216 3022 394 3082 Aristoteles
421 3024 553 3098 denique
576 3023 661 3099 leges
690 3021 829 3080 omnium
850 3020 1011 3079 civitatum
1034 3023 1064 3078 et
1085 3021 1258 3079 sententias

217 3129 353 3188 omnium
368 3130 620 3206 philosophorum
634 3129 676 3188 ita
695 3127 811 3205 colligit
827 3131 856 3186 et
872 3130 1029 3202 comparat
1044 3130 1077 3184 ut
1095 3126 1258 3185 seientiam

213 3237 292 3312 juris
312 3237 426 3313 primus
441 3237 595 3296 instituat.

213 3440 310 3492 haben.
325 3443 371 3492 Die
382 3440 523 3508 politische
538 3437 690 3502 Thotigkeit
704 3435 751 3486 des
771 3435 865 3486 Thales
889 3434 945 3484 und
960 3435 1008 3483 der
1025 3433 1205 3497 Pythagoreer
1221 3431 1258 3482 ist

213 3524 342 3584 bekannt,
359 3536 412 3572 von
427 3521 598 3572 Parmenides
613 3519 681 3569 wind
697 3516 839 3578 berichtct,
860 3530 889 3565 er
909 3516 978 3565 habe
996 3515 1083 3564 seiner
1100 3512 1259 3563 Vaterstadt

215 3605 323 3654 Gesetze
335 3603 462 3668 gegeben,
478 3615 531 3650 von
546 3602 626 3661 Zeno,
649 3611 677 3647 er
695 3599 733 3647 sei
750 3598 822 3647 heim
840 3596 959 3648 Versuch
981 3609 1028 3643 zur
1046 3594 1189 3654 Belleiung
1208 3592 1257 3641 der

214 3686 335 3750 seinigen
350 3685 569 3748 umgekommen,
593 3678 773 3743 Empedokles
796 3691 854 3726 war
872 3677 919 3725 der
934 3672 1187 3724 Wiederherstellcr
1209 3672 1259 3720 der

213 3765 386 3816 Demokratie
399 3765 427 3813 in
442 3763 579 3828 Agrigent,
595 3761 726 3822 Archytas
742 3771 798 3806 war
811 3756 897 3821 gloieh
913 3769 990 3819 gross
1004 3755 1043 3803 als
1059 3753 1188 3802 Foldherr
1200 3751 1257 3799 und

215 3849 396 3903 Staatsmann‚
429 3845 484 3893 und
511 3842 635 3890 hlelissus
666 3839 701 3888 ist
725 3836 950 3887 wahrscheinlieh
974 3834 1109 3892 denselbe,
1134 3831 1253 3881 welcher

211 3928 254 3976 die
269 3925 425 3976 athenisehe
440 3923 524 3972 Flotte
540 3921 642 3983 besiegt
656 3920 711 3968 hal.
729 3945 756 3954 -
773 3917 810 3966 Cr.
827 3931 853 3981 p.
871 3919 910 3978 99,
924 3929 952 3964 n.
973 3919 995 3964 1.

248 4010 270 4055 1.
290 4007 408 4070 Gorpios,
425 4018 452 4069 p.
464 4004 507 4051 161
521 4017 542 4052 c.
