2948 5212
302 674 339 734 56
581 693 616 732 ne
637 692 757 734 susurru
779 691 850 734 rruo
873 692 1059 735 anrsroreuru

303 812 431 874 τελεωθὲν
445 813 583 895 βέλτιστον
597 828 653 875 τῶν
664 819 738 896 ζῴων
749 815 883 898 ἅνθρωπός
893 818 975 893 ἐστιν,
987 816 1057 876 οὕτω
1068 814 1113 876 καί
1122 811 1254 895 χωρισθὲν
1263 811 1349 894 νόμου

302 928 346 980 καὶ
360 918 432 994 δίκης
447 928 578 1003 χείριστον
592 923 728 982 ποίντωνθ.

799 1245 841 1303 111

342 1458 414 1528 Quae
429 1476 498 1516 oum
516 1457 559 1517 ita
575 1458 646 1528 sint,
670 1458 748 1516 seire
771 1475 935 1532 possumus
954 1456 1066 1532 quibus
1093 1456 1225 1532 praemiis
1244 1455 1349 1515 bonos

302 1581 509 1635 remunerare,
528 1563 640 1639 quibus
662 1567 763 1622 autern
784 1557 882 1639 p‘oenis
909 1580 1020 1638 pravos
1046 1562 1197 1639 castigare
1222 1563 1349 1637 justum

303 1670 352 1728 sit.

344 1775 480 1834 Primum
496 1775 590 1848 enirn,
608 1794 677 1835 oum
692 1776 817 1836 alterius
835 1775 970 1852 dignitas
986 1774 1050 1855 (vei
1065 1771 1251 1853 indignitas)
1268 1773 1349 1833 alte-

304 1881 367 1940 rius
383 1881 528 1964 dignitati
541 1880 606 1961 (vel
629 1880 821 1962 indignitati)
840 1900 901 1940 non
923 1881 1137 1958 magnitudine
1162 1882 1216 1939 sed
1239 1881 1347 1955 speeie

306 1993 439 2063 praestet,
460 1990 573 2064 speeie,
589 2007 651 2047 non
665 1989 878 2066 magnitudine
893 1988 1052 2064 praemium
1068 1987 1133 2069 (vel
1146 1986 1252 2067 poena)
1267 1988 1348 2047 alte-

305 2096 369 2152 rius
382 2094 505 2170 praemio
526 2093 591 2174 (vel
607 2093 719 2174 poenae)
738 2095 862 2155 alterius
877 2098 1021 2170 praestare
1038 2095 1147 2154 debet:
1231 2091 1348 2154 ἕκαστον

304 2214 359 2261 τῶν
376 2199 483 2281 ἀγαθῶν
498 2200 528 2261 οὐ
550 2211 598 2260 τοῦ
621 2199 746 2276 τυχόντος
761 2200 844 2276 ἄξιον,
863 2200 931 2261 ἀλλά
948 2225 987 2268 τις
1011 2203 1083 2260 ἔστιν
1100 2201 1225 2280 ἀναλογία
1248 2200 1295 2260 καὶ
1315 2200 1348 2261 τὸ

304 2306 445 2389 ἁρμόττον,
462 2299 514 2367 οἷον
529 2308 618 2368 ὃπλων
632 2307 728 2375 κᾶλλος
743 2310 772 2367 οὔ
786 2319 824 2388 τῷ
834 2310 926 2388 δικαίῳ
935 2306 1061 2389 ἁρμόττει
1077 2305 1147 2367 ἀλλὰ
1163 2318 1202 2386 τῷ
1219 2304 1345 2389 ἀνδρείῳ,

345 2523 461 2582 Deinde
476 2523 615 2582 videmus
638 2541 703 2599 quae
723 2522 845 2597 praemia
865 2522 975 2597 cuique
993 2523 1154 2600 dignitatis
1169 2521 1278 2599 generi
1297 2522 1348 2582 vel

306 2648 372 2705 quae
386 2646 481 2704 poenae
497 2628 606 2704 cuique
623 2627 817 2705 indignitatis
832 2628 937 2705 generi
952 2632 1135 2706 congruant.
1148 2630 1225 2687 Nam
1241 2629 1347 2688 officio

306 2753 362 2795 suo
380 2733 485 2810 siquis
511 2737 594 2793 reete
617 2735 774 2811 fungatur,
791 2734 911 2808 justum
927 2733 985 2792 erit
1000 2732 1047 2792 vel
1069 2736 1127 2793 hoe
1147 2732 1286 2792 officium
1302 2733 1349 2793 illi

307 2859 471 2917 prorogare
491 2840 539 2899 vel
561 2838 646 2898 ilium
669 2839 816 2914 ampliore
835 2839 936 2898 officio
958 2857 1084 2913 ornare;
1103 2839 1129 2899 si
1150 2839 1218 2915 quis
1238 2842 1349 2899 autem
1399 2859 1402 2863 ·

307 2946 408 3006 officio
424 2965 479 3006 suo
497 2945 630 3021 pessime
646 2947 803 3022 fungatur,
812 2946 931 3020 justum
942 2945 999 3005 erit
1011 2944 1099 3004 illum
1114 2964 1151 3005 ex
1168 2945 1226 3004 hoe
1242 2946 1349 3005 officio

307 3071 460 3112 amovere.
479 3053 513 3112 ln
532 3051 718 3128 superiorem
745 3052 883 3111 ordinem
905 3052 931 3112 is
955 3056 1172 3128 promoveatur
1189 3052 1240 3127 qui
1258 3056 1349 3112 ortus

307 3177 344 3218 ex
359 3158 464 3217 ordine
479 3158 622 3217 inferiore
640 3158 735 3216 vitam
753 3157 868 3216 ordinis
888 3157 1053 3232 superioris
1076 3158 1230 3232 propriam
1247 3158 1345 3231 vivit;

307 3263 360 3341 qui
383 3283 453 3324 vero
478 3282 515 3323 ex
530 3265 635 3323 ordine
660 3265 815 3340 superiore
834 3268 918 3324 ortus
934 3264 1029 3324 vitam
1049 3265 1165 3324 ordinis
1190 3264 1349 3324 inferioris

262 3544 266 3550 ’
340 3550 362 3595 1.
381 3549 436 3597 Ροί.
453 3547 483 3597 A.
499 3550 522 3595 2.
540 3548 671 3597 1253a31
686 3561 745 3610 sqq.
762 3547 800 3596 Cf.
813 3546 887 3596 utet.
904 3538 933 3596 A‘.
952 3548 989 3595 13.
1007 3547 1199 3609 t3'iib4sqq.
1215 3545 1275 3595 uta.
1290 3547 1350 3596 Nic.

306 3629 334 3677 E.
348 3630 386 3676 10.
398 3631 457 3677 1135
468 3627 485 3675 b
497 3629 587 3678 ro-ao:
601 3627 759 3677 Aristoteles
771 3627 824 3689 (vel
836 3626 1050 3689 Eudemus)firee
1062 3627 1114 3676 tria
1125 3627 1271 3675 discernit:
1291 3629 1351 3677 ἀτυ-

307 3717 408 3773 χήματα
423 3710 478 3770 (ὅσα
489 3712 616 3775 παράλογα
629 3712 669 3758 καί
682 3707 715 3772 μὴ
728 3710 776 3758 ἀπὸ
785 3709 936 3774 μοχθηρίας),
949 3711 1117 3773 ἁμαρτήματα
1131 3707 1185 3770 (ὅσα
1194 3714 1256 3770 μήτε
1266 3715 1350 3774 παρ’).-

307 3794 364 3853 1οχοι
380 3794 462 3854 καὶμὴ
482 3791 530 3840 ἀπὸ
543 3787 697 3855 μοχθηρίας),
714 3788 853 3849 ἀδικήματα
866 3787 919 3848 (ὅσα
933 3794 994 3848 μήτε
1005 3790 1133 3852 παράλογα
1150 3787 1198 3836 ἀπὸ
1211 3790 1351 3852 μοχθηρίας

265 3930 267 3933 ,
307 3891 332 3921 τε
349 3872 429 3933 ἐστιν).
448 3869 486 3919 Ci.
502 3871 582 3919 etiam
599 3868 673 3917 utet.
689 3869 720 3916 A.
737 3869 775 3915 13.
791 3868 877 3916 tarta
894 3869 938 3926 11;
956 3865 1015 3915 nto.
1035 3867 1092 3915 Nic.
1111 3867 1142 3916 H.
1155 3869 1178 3915 Ἰ.
1196 3865 1281 3914 rusb
1299 3869 1348 3916 12:

306 3953 341 4001 ἔτι
357 3952 496 4017 ἀδικώτεροι
511 3954 532 4001 οἱ
545 3951 728 4015 ἐπιθουλότεροι.

337 4033 361 4080 2.
379 4029 453 4081 ditet.
469 4031 496 4080 B.
510 4032 533 4079 9.
550 4030 609 4079 1381
620 4044 636 4078 a
649 4031 688 4078 21.
