2948 5212
217 665 254 727 30
495 684 529 725 un
550 683 669 726 susurra
691 683 763 726 troo
784 683 973 726 nnrsrorrrru

216 811 420 871 adhibendam
435 811 466 869 in
479 829 555 886 quas
570 814 734 886 postquam
747 811 908 887 dignitatis
921 827 1124 885 personarum
1137 808 1251 884 aliqua-

215 922 305 977 tenus
323 918 561 977 habitatatione
579 917 710 992 pretium
727 935 854 992 operum
866 935 921 992 per
944 917 1167 994 geometricam
1184 933 1252 991 pro-

217 1025 385 1100 portionem
404 1025 591 1098 disJ'unctam
609 1024 779 1083 stabilitum
802 1025 852 1095 sit,
869 1042 923 1099 per
937 1023 1168 1083 arithmeticam
1185 1040 1253 1097 pro-

214 1132 384 1206 portionem
399 1131 609 1191 continentem
624 1149 716 1206 opera
732 1132 770 1190 ad
783 1130 990 1206 aequalitatem
1007 1129 1219 1207 redigantur¹.
1240 1152 1252 1182 v

216 1239 250 1296 Et
266 1240 451 1297 Rarnsauer:
473 1261 488 1292 κ
512 1238 637 1297 Accedit
661 1240 717 1297 hoc
736 1238 847 1312 capite,
866 1237 978 1312 iuquit,
1002 1238 1040 1322 ad
1060 1238 1120 1295 duo
1140 1253 1254 1315 genera

213 1364 278 1420 qua
305 1346 343 1404 ab
374 1345 461 1403 initio
494 1344 558 1404 sola
589 1345 746 1420 proposita
778 1346 936 1404 fuerant...
970 1344 1099 1404 tertium
1131 1343 1255 1418 aliquod

214 1471 328 1528 genus:
348 1454 441 1528 quod,
466 1456 604 1510 veterum
625 1452 769 1527 opinione
785 1451 1034 1510 commendatum
1051 1449 1113 1510 tale
1129 1449 1254 1526 quidem

213 1559 302 1634 uitale
322 1559 364 1617 illi
378 1558 659 1633 laudabaut'accipi
672 1558 789 1634 nequit,
805 1558 936 1617 relatum
958 1575 1029 1616 vcro
1046 1556 1200 1631 imprimis
1218 1556 1256 1615 ad
1332 1610 1335 1615 ,

214 1666 360 1724 mercium
376 1666 633 1741 permutationem
651 1665 869 1740 redactunrque
892 1665 930 1724 ad
952 1664 1129 1741 analogiam
1145 1682 1255 1740 quarn-

213 1774 281 1830 dam
297 1773 376 1831 tiaud
402 1775 448 1831 est
468 1771 715 1849 negligendum2.
742 1796 756 1826 n
780 1772 843 1831 Nisi
866 1771 1009 1831 Michelet
1031 1775 1062 1830 et
1085 1772 1257 1831 Ramsauer

213 1897 313 1951 errore
330 1880 552 1954 deciperentur,
572 1878 750 1938 Aristoteles
768 1877 869 1956 legem
893 1877 1019 1937 talionis
1041 1878 1163 1952 J'ustanr
1188 1895 1256 1936 esse

214 1986 408 2044 existimavit.

255 2095 359 2152 Errore
374 2111 443 2152 vero
465 2093 676 2167 decipiuntur:
695 2093 875 2152 Aristoteles
897 2091 980 2151 euim
999 2091 1135 2149 ostendit
1153 2090 1257 2167 legem

214 2200 347 2271 tationis,
365 2200 436 2274 quia
464 2218 561 2274 neque
580 2200 642 2273 juri
668 2200 863 2258 distributivo
883 2215 982 2274 neque
996 2197 1060 2272 juri
1083 2198 1257 2256 correctivo

213 2307 366 2383 congruit,
393 2307 539 2381 injustam
555 2307 651 2365 esset.
670 2307 787 2382 iujuste
809 2306 902 2376 enim,
930 2306 955 2364 si
978 2305 1046 2380 quis
1072 2305 1258 2380 imprudens

214 2414 311 2471 virum
327 2414 490 2488 quemdam
506 2413 677 2485 occidisset,
689 2414 784 2472 vitam
801 2411 1006 2471 interfectoris
1022 2429 1075 2486 pro
1085 2411 1149 2469 vita
1162 2411 1259 2469 inter-

213 2521 284 2579 iecti
300 2520 442 2594 eriperes.
470 2520 598 2594 iujuste,
617 2520 641 2578 si
662 2519 730 2594 quis
745 2519 945 2596 magistratus
967 2522 997 2576 te
1014 2517 1256 2585 verberavisset,

212 2626 296 2685 illum
313 2626 462 2685 referires.
481 2627 545 2683 lloc
561 2626 636 2684 satis
655 2629 750 2685 estut
765 2626 816 2701 jus
834 2624 959 2684 talionis
970 2624 1033 2700 juri
1055 2624 1258 2684 distributive

212 2751 382 2809 repugnare
396 2733 544 2791 videatur.
557 2733 623 2803 Quo
634 2752 717 2791 nunc
728 2734 816 2791 modo
828 2733 890 2807 J'uri
902 2731 1069 2791 corrective
1080 2732 1258 2809 repugnat?

213 2843 329 2912 Nonne,
347 2843 380 2897 ut
393 2841 443 2915 jus
459 2839 582 2898 talionis
597 2840 640 2898 ita
656 2840 706 2914 jus
723 2840 925 2898 correctivum
939 2839 1029 2913 jubet
1039 2838 1161 2914 judices
1172 2839 1257 2897 idem

213 2949 250 3006 ab
267 2947 362 3005 altero
375 2950 509 3021 repetere
523 2947 602 3021 quod
614 2947 700 3005 alteri
717 2946 885 3021 eripuerit?
901 2946 958 3005 Sed
979 2946 1032 3020 jus
1048 2944 1258 3004 correctivum

214 3053 286 3133 (troc
310 3055 334 3112 si
359 3058 438 3112 reete
459 3051 727 3132 explicaverimus)
751 3029 847 3128 juhc't
866 3053 1035 3128 prasertim
1059 3056 1093 3110 ut
1114 3052 1146 3110 id
1173 3054 1258 3137 quod

213 3162 332 3219 cuidam
356 3165 493 3235 ereptum
517 3161 557 3218 sit
583 3160 609 3219 ei
626 3161 779 3219 reddatur.
798 3161 841 3219 Ad
857 3178 979 3235 poenam
991 3160 1044 3233 jus
1060 3158 1199 3231 talionis,
1217 3160 1257 3218 ad

213 3269 359 3326 damnum
374 3266 425 3346 jus
451 3268 668 3345 correctivum3
687 3266 762 3326 illud
788 3268 827 3325 ad
854 3285 924 3326 eum
951 3266 1004 3341 qui
1028 3266 1111 3339 iecit,
1135 3266 1195 3326 hoc
1217 3267 1258 3326 ad

214 3393 281 3433 eum
300 3374 352 3449 qui
370 3392 478 3448 passus
493 3377 539 3432 est
553 3355 698 3448 iujuriam
713 3374 859 3449 pertinet;
878 3374 1010 3450 castigat
1023 3372 1156 3432 alterum
1173 3372 1260 3453 (per-

213 3499 316 3555 peram
335 3479 474 3560 uuidcm)
494 3479 620 3553 scelera,
645 3480 774 3540 alterum
793 3481 925 3540 ariversae
941 3482 1069 3540 fortunae
1088 3481 1256 3540 succurrit.

245 3792 267 3842 i.
287 3792 345 3842 Etlr.
362 3791 428 3855 Nic,
440 3791 482 3841 ed.
498 3791 632 3854 Michelet,
650 3792 703 3841 voi.
721 3792 755 3852 11,
771 3806 797 3855 p.
812 3794 865 3841 ru.

244 3876 267 3921 2.
285 3872 344 3921 Eur.
359 3874 423 3935 Nto,
440 3871 481 3921 ed.
495 3873 651 3934 Rarusauer,
666 3888 693 3936 p.
706 3874 760 3921 315.

245 3955 267 4001 3.
286 3953 512 4015 Ci.Thon1.Aqu.
531 3953 601 4016 (Etr.
619 3955 648 4004 V.
663 3954 691 4002 L.
707 3953 788 4017 vill),
811 3951 1065 4016 Bartheiemy·Saint
1084 3951 1187 4004 Hilaire
1206 3955 1257 4017 (La

213 4033 312 4082 Mor-ote
327 4033 473 4091 d'Artstote,
490 4034 547 4082 vol.
562 4034 594 4097 ΙΙ,
608 4048 634 4098 p.
652 4034 705 4094 152)
718 4035 743 4082 et
757 4033 900 4097 plerosque
912 4033 1083 4096 interpretes.
