2948 5212
308 614 347 675 68
587 631 622 672 nc
643 629 762 672 susurra
784 629 855 671 arun
876 630 1062 672 inisroruunu

309 777 401 834 quam
412 759 482 832 jure
496 757 650 833 percipere
664 760 768 831 posset
781 755 926 831 injuriam
940 756 999 815 sibi
1014 774 1076 814 non
1091 755 1212 827 intulit;
1228 757 1281 815 sed
1297 756 1347 815 ille

309 863 361 939 qui
384 864 488 923 volens
510 881 618 938 parum
641 863 732 939 digne
758 862 832 920 vivit
860 867 891 921 et
911 861 986 920 liber
1010 861 1078 920 vitae
1110 880 1269 921 servorum
1299 862 1348 921 vel

309 987 415 1028 servus
438 970 506 1028 vitae
528 969 707 1028 animalium
734 966 883 1044 indulget,
912 985 1014 1026 nonne
1036 967 1171 1043 injustus
1198 972 1244 1026 est
1273 985 1349 1044 erga

309 1076 532 1151 semetipsum?
557 1075 682 1140 Deinde,
701 1073 763 1132 sint
781 1076 805 1132 Α
824 1091 952 1147 persona
966 1077 996 1132 et
1014 1093 1032 1131 a
1047 1092 1095 1132 res
1111 1074 1273 1148 cujusdam
1290 1074 1349 1132 viri

308 1184 475 1257 antequam
493 1183 608 1240 lurtum
624 1179 713 1251 lecit;
730 1179 791 1238 sint
805 1178 836 1238 Α’
854 1182 1023 1254 personaet
1038 1177 1062 1236 a'
1077 1197 1125 1237 res
1139 1179 1278 1253 ejusdem
1291 1180 1349 1237 viri

308 1292 469 1364 postquam
494 1290 655 1346 suffactus
680 1290 743 1345 est:
769 1285 894 1356 Α’<Α,
922 1304 993 1344 nam
1019 1288 1132 1344 furtum
1160 1287 1349 1363 dignitatem

308 1396 434 1467 evertit3
454 1399 592 1454 attamen
607 1392 679 1462 a'>
690 1414 719 1466 a,
739 1412 812 1452 nam
831 1395 943 1451 lurtum
958 1411 1022 1451 rem
1038 1394 1123 1452 auxit
1137 1411 1143 1452 :
1159 1413 1219 1453 non
1234 1413 1348 1468 possu-

441 1547 446 1557 .
543 1504 567 1559 Α
641 1500 671 1558 Α’
795 1542 800 1554 .
844 1543 849 1554 .
906 1543 911 1553 .
963 1544 968 1554 .
1031 1544 1035 1554 .
1062 1544 1067 1554 .
1215 1545 1220 1554 .

308 1565 375 1605 mus
389 1547 522 1605 scribere
536 1579 576 1656 ἶ
587 1578 622 1599 z
635 1578 692 1656 ἶ·
712 1545 775 1602 llac
789 1562 868 1617 Juns
884 1545 1070 1602 distributim
1083 1549 1284 1619 proportione
1310 1546 1349 1604 ad

308 1707 407 1765 varias
426 1705 616 1781 singulorum
632 1704 791 1762 hominum
816 1704 954 1762 actiones
970 1703 1152 1778 judicandas
1170 1705 1214 1762 nti
1233 1723 1348 1779 possu-

306 1831 390 1873 mus:
410 1814 547 1871 heccum
564 1809 742 1870 Aristoteles
759 1829 821 1869 non
834 1811 918 1879 dicit,
935 1830 995 1870 non
1012 1812 1087 1870 satis
1100 1811 1235 1870 declarat
1248 1813 1348 1872 vitam

307 1921 466 1980 hominnm
478 1920 600 1996 justilia
617 1918 749 1977 naturali
763 1922 858 1977 totam
878 1919 952 1994 regi.

348 2028 401 2086 llis
418 2045 487 2086 vero
506 2027 647 2101 objectis,
665 2026 733 2102 quis
749 2044 811 2084 non
829 2026 997 2084 admiratur
1018 2044 1078 2101 qua
1099 2026 1215 2085 ratione
1228 2027 1350 2085 Aristo-

307 2134 383 2193 teles
405 2134 567 2194 scientiam
591 2134 670 2208 jiuis
693 2133 938 2192 informaverit?
964 2135 1039 2192 Nam
1070 2134 1200 2208 primum
1233 2134 1350 2192 Ethicae

306 2243 469 2315 quamdam
487 2241 681 2317 disciplinam
697 2245 737 2312 et,
755 2244 788 2299 ut
807 2241 907 2299 dicere
930 2240 1074 2311 solemus,
1100 2263 1115 2295 (ι
1143 2240 1350 2300 scientificam

306 2348 484 2405 methodum
511 2371 524 2399 n
552 2348 645 2406 dedit.
675 2349 761 2405 Hauc
785 2346 948 2404 scientiam
976 2346 1128 2404 lunnanus
1157 2345 1347 2416 intellectus

306 2454 363 2512 diis
390 2455 419 2512 iu
445 2454 516 2513 cralo
540 2453 585 2512 rel
614 2458 698 2512 cntra
724 2452 829 2512 calum
855 2452 981 2524 relictis,
1010 2454 1195 2512 constituere
1221 2457 1346 2528 potest:

308 2578 396 2618 nemo
420 2578 437 2618 a
462 2560 742 2635 urctaphysicorum
768 2559 816 2616 via
836 2558 958 2635 longius
981 2558 1123 2619 discessit
1142 2576 1234 2633 quam
1256 2562 1349 2633 pater

306 2666 356 2724 ille
372 2667 665 2743 metaplrysieorum.
683 2667 762 2737 Quid
775 2685 851 2742 opus
868 2670 913 2725 est
929 2666 1013 2743 leges
1031 2685 1046 2725 e
1065 2666 1168 2724 divina
1185 2665 1347 2726 voluntate

307 2774 420 2831 hauriri
431 2792 499 2832 curn
517 2774 690 2833 intellectus
703 2775 731 2832 id
741 2775 912 2832 discernere
927 2777 1028 2849 petest
1038 2775 1120 2849 quod
1134 2777 1243 2832 natura
1253 2773 1348 2846 jubet

306 2883 359 2937 aut
388 2880 494 2937 rctat‘?
519 2881 724 2951 Quamobrem
752 2879 873 2938 etiamsi
904 2881 940 2938 de
963 2880 1022 2938 diis
1046 2879 1111 2938 aliae
1138 2882 1242 2938 essent
1262 2880 1347 2954 apud

306 2983 381 3043 alios
409 2986 579 3060 opiniones,
609 2987 771 3045 immutata
803 2990 907 3044 tamen
940 2989 970 3044 et
995 2986 1180 3044 inconcussa
1212 2985 1346 3044 scientia

303 3091 429 3164 justitia
448 3095 594 3150 maneret.

347 3196 523 3254 lutellcctus
551 3201 653 3255 autem
672 3215 731 3272 quo
748 3199 837 3256 modo
861 3199 912 3274 jus
937 3196 1076 3256 naturale
1100 3196 1285 3273 cognoscit?
1312 3197 1347 3255 ld

302 3299 372 3377 jure
389 3302 521 3360 naturali
535 3303 661 3376 jubetur
677 3307 730 3361 aut
753 3308 873 3362 vetatur
890 3304 970 3378 quod
994 3302 1146 3378 plerisque
1166 3301 1346 3361 horninibus

302 3407 404 3479 juberi
422 3407 469 3465 rel
487 3408 579 3466 vetari
597 3408 717 3466 videtur
735 3428 741 3468 :
760 3410 862 3484 itaque
876 3410 913 3467 ad
926 3409 978 3483 jus
994 3407 1134 3467 naturale
1150 3425 1346 3484 cognoscen-

306 3510 376 3569 dum
395 3514 558 3587 qumirnus
576 3515 648 3589 qnid
665 3515 800 3589 plerique
814 3516 849 3573 dc
869 3515 939 3588 jure
955 3515 1067 3572 sentire
1085 3513 1227 3573 soleant:
1254 3536 1269 3567 «
1290 3532 1345 3572 ex-

306 3617 455 3690 perientia
479 3641 493 3672 »
520 3636 591 3695 ergo
612 3621 716 3679 Etliica
743 3620 920 3679 aristotelea
945 3619 1076 3679 nititur:
1106 3620 1184 3679 adco
1209 3624 1243 3678 ut
1272 3638 1345 3678 eum

306 3724 527 3797 reprehendere
550 3727 703 3802 possimus
718 3730 798 3803 quod
814 3747 875 3786 non
893 3728 1002 3787 dixerit
1020 3746 1074 3786 cur
1089 3727 1224 3802 plerique
1241 3728 1345 3785 homi-

308 3847 360 3888 nes
376 3831 434 3889 lroc
448 3830 495 3890 vel
510 3833 582 3891 illud
603 3835 722 3909 justum
749 3837 842 3895 l'uissc
871 3835 1123 3905 existimaverint,
1149 3834 1265 3894 scilicet
1290 3853 1347 3893 cur
1377 3855 1379 3860 ·

301 3935 424 4008 justitia
442 3956 511 3996 cum
526 3941 645 4000 ratione
661 3943 796 4001 humana
816 3944 889 4001 mire
914 3945 1075 4018 congruat.
1098 3944 1161 4001 lloc
1178 3959 1249 4000 vcro
1265 3959 1345 4017 prae-
