<?xml version="1.0" encoding="UTF-8"?>
<!DOCTYPE html PUBLIC "-//W3C//DTD XHTML 1.0 Transitional//EN"
    "http://www.w3.org/TR/xhtml1/DTD/xhtml1-transitional.dtd">
<html xmlns="http://www.w3.org/1999/xhtml" xml:lang="en" lang="en">
 <head>
  <title>
</title>
<meta http-equiv="Content-Type" content="text/html;charset=utf-8" />
  <meta name='ocr-system' content='tesseract 3.04.00' />
  <meta name='ocr-capabilities' content='ocr_page ocr_carea ocr_par ocr_line ocrx_word'/>
</head>
<body>
  <div class='ocr_page' id='page_1' title='image "./dejustitiaapuda00lapigoog_0036.png"; bbox 0 0 2948 5212; ppageno 0'>
   <div class='ocr_carea' id='block_1_1' title="bbox 604 643 1259 710">
    <p class='ocr_par' dir='ltr' id='par_1_1' title="bbox 604 643 1259 710">
     <span class='ocr_line' id='line_1_1' title="bbox 604 643 1259 710; baseline -0.009 -3"><span class='ocrx_word' id='word_1_1' title='bbox 604 667 639 709; x_wconf 82' lang='lat' dir='ltr'>nn</span> <span class='ocrx_word' id='word_1_2' title='bbox 659 668 725 710; x_wconf 77' lang='lat' dir='ltr'>June</span> <span class='ocrx_word' id='word_1_3' title='bbox 745 665 879 708; x_wconf 75' lang='lat' dir='ltr'>urrunru</span> <span class='ocrx_word' id='word_1_4' title='bbox 1224 643 1259 702; x_wconf 88' lang='grc'>21</span> 
     </span>
    </p>
   </div>
   <div class='ocr_carea' id='block_1_2' title="bbox 219 785 1262 1940">
    <p class='ocr_par' dir='ltr' id='par_1_2' title="bbox 221 785 1262 1078">
     <span class='ocr_line' id='line_1_2' title="bbox 222 785 1262 868; baseline -0.007 -17"><span class='ocrx_word' id='word_1_5' title='bbox 222 792 453 852; x_wconf 88' lang='lat' dir='ltr'>distributivum</span> <span class='ocrx_word' id='word_1_6' title='bbox 476 810 530 867; x_wconf 88' lang='lat' dir='ltr'>per</span> <span class='ocrx_word' id='word_1_7' title='bbox 556 792 784 868; x_wconf 79' lang='lat' dir='ltr'>proportionem</span> <span class='ocrx_word' id='word_1_8' title='bbox 814 790 980 866; x_wconf 88' lang='lat' dir='ltr'>quamdam</span> <span class='ocrx_word' id='word_1_9' title='bbox 1003 787 1204 864; x_wconf 80' lang='lat' dir='ltr'>exprimitur:</span> <span class='ocrx_word' id='word_1_10' title='bbox 1232 785 1262 845; x_wconf 85' lang='grc' dir='ltr'>τὸ</span> 
     </span>
     <span class='ocr_line' id='line_1_3' title="bbox 221 893 1262 975; baseline -0.007 -17"><span class='ocrx_word' id='word_1_11' title='bbox 221 900 318 959; x_wconf 67' lang='grc' dir='ltr'>δίκαιον</span> <span class='ocrx_word' id='word_1_12' title='bbox 333 901 475 971; x_wconf 75' lang='grc' dir='ltr'>ἀνάλογον,</span> <span class='ocrx_word' id='word_1_13' title='bbox 491 899 590 975; x_wconf 85' lang='lat' dir='ltr'>inquit</span> <span class='ocrx_word' id='word_1_14' title='bbox 603 898 792 970; x_wconf 59' lang='lat' dir='ltr'>Aristotelem</span> <span class='ocrx_word' id='word_1_15' title='bbox 810 901 840 956; x_wconf 84' lang='lat' dir='ltr'>et</span> <span class='ocrx_word' id='word_1_16' title='bbox 854 896 948 955; x_wconf 78' lang='lat' dir='ltr'>inira:</span> <span class='ocrx_word' id='word_1_17' title='bbox 963 895 993 954; x_wconf 87' lang='grc' dir='ltr'>τὸ</span> <span class='ocrx_word' id='word_1_18' title='bbox 1008 893 1035 952; x_wconf 78' lang='grc' dir='ltr'>δὲ</span> <span class='ocrx_word' id='word_1_19' title='bbox 1048 893 1137 953; x_wconf 80' lang='grc' dir='ltr'>ἄδικον</span> <span class='ocrx_word' id='word_1_20' title='bbox 1150 893 1181 953; x_wconf 86' lang='grc' dir='ltr'>τὸ</span> <span class='ocrx_word' id='word_1_21' title='bbox 1191 896 1262 974; x_wconf 76' lang='grc' dir='ltr'>παρὰ</span> 
     </span>
     <span class='ocr_line' id='line_1_4' title="bbox 226 1003 431 1078; baseline -0.005 -13"><span class='ocrx_word' id='word_1_22' title='bbox 226 1007 257 1065; x_wconf 81' lang='grc' dir='ltr'>τὸ</span> <span class='ocrx_word' id='word_1_23' title='bbox 275 1003 431 1078; x_wconf 60' lang='grc' dir='ltr'><strong>ἀνάλογον1.</strong></span> 
     </span>
    </p>

    <p class='ocr_par' dir='ltr' id='par_1_3' title="bbox 219 1109 1261 1940">
     <span class='ocr_line' id='line_1_5' title="bbox 264 1109 1259 1190; baseline -0.005 -19"><span class='ocrx_word' id='word_1_24' title='bbox 264 1115 349 1172; x_wconf 88' lang='lat' dir='ltr'>Hanc</span> <span class='ocrx_word' id='word_1_25' title='bbox 380 1112 609 1188; x_wconf 81' lang='lat' dir='ltr'>proportionem</span> <span class='ocrx_word' id='word_1_26' title='bbox 642 1112 862 1190; x_wconf 79' lang='lat' dir='ltr'>geometricam</span> <span class='ocrx_word' id='word_1_27' title='bbox 896 1109 1106 1169; x_wconf 77' lang='lat' dir='ltr'>mathematici</span> <span class='ocrx_word' id='word_1_28' title='bbox 1138 1112 1259 1167; x_wconf 89' lang='lat' dir='ltr'>vocant.</span> 
     </span>
     <span class='ocr_line' id='line_1_6' title="bbox 221 1216 1261 1296; baseline -0.006 -18"><span class='ocrx_word' id='word_1_29' title='bbox 221 1221 300 1291; x_wconf 83' lang='lat' dir='ltr'>Quid</span> <span class='ocrx_word' id='word_1_30' title='bbox 330 1238 401 1279; x_wconf 88' lang='lat' dir='ltr'>vero</span> <span class='ocrx_word' id='word_1_31' title='bbox 426 1237 480 1295; x_wconf 90' lang='lat' dir='ltr'>per</span> <span class='ocrx_word' id='word_1_32' title='bbox 503 1219 723 1296; x_wconf 76' lang='lat' dir='ltr'>geometricam</span> <span class='ocrx_word' id='word_1_33' title='bbox 753 1217 982 1294; x_wconf 92' lang='lat' dir='ltr'>proportionem</span> <span class='ocrx_word' id='word_1_34' title='bbox 1007 1216 1179 1293; x_wconf 87' lang='lat' dir='ltr'>intelligere</span> <span class='ocrx_word' id='word_1_35' title='bbox 1208 1216 1261 1273; x_wconf 91' lang='lat' dir='ltr'>de-</span> 
     </span>
     <span class='ocr_line' id='line_1_7' title="bbox 222 1322 1258 1401; baseline -0.005 -15"><span class='ocrx_word' id='word_1_36' title='bbox 222 1328 354 1387; x_wconf 78' lang='lat' dir='ltr'>bemus?</span> <span class='ocrx_word' id='word_1_37' title='bbox 390 1349 404 1381; x_wconf 73' lang='grc' dir='ltr'>ε(</span> <span class='ocrx_word' id='word_1_38' title='bbox 433 1326 499 1385; x_wconf 88' lang='lat' dir='ltr'>Viri</span> <span class='ocrx_word' id='word_1_39' title='bbox 523 1327 633 1385; x_wconf 84' lang='lat' dir='ltr'>harum</span> <span class='ocrx_word' id='word_1_40' title='bbox 659 1344 760 1385; x_wconf 90' lang='lat' dir='ltr'>rerum</span> <span class='ocrx_word' id='word_1_41' title='bbox 792 1325 892 1401; x_wconf 79' lang='lat' dir='ltr'>periti,</span> <span class='ocrx_word' id='word_1_42' title='bbox 924 1324 1024 1400; x_wconf 89' lang='lat' dir='ltr'>inquit</span> <span class='ocrx_word' id='word_1_43' title='bbox 1051 1322 1258 1395; x_wconf 72' lang='lat' dir='ltr'>Ramsauer²‚</span> 
     </span>
     <span class='ocr_line' id='line_1_8' title="bbox 221 1430 1261 1508; baseline -0.003 -16"><span class='ocrx_word' id='word_1_44' title='bbox 221 1437 387 1493; x_wconf 88' lang='lat' dir='ltr'>autumant</span> <span class='ocrx_word' id='word_1_45' title='bbox 413 1456 428 1487; x_wconf 72' lang='lat' dir='ltr'>s</span> <span class='ocrx_word' id='word_1_46' title='bbox 462 1434 541 1491; x_wconf 87' lang='lat' dir='ltr'>hanc</span> <span class='ocrx_word' id='word_1_47' title='bbox 568 1433 794 1508; x_wconf 89' lang='lat' dir='ltr'>proportionem</span> <span class='ocrx_word' id='word_1_48' title='bbox 826 1432 893 1490; x_wconf 92' lang='lat' dir='ltr'>ideo</span> <span class='ocrx_word' id='word_1_49' title='bbox 929 1430 1149 1508; x_wconf 84' lang='lat' dir='ltr'>geometricam</span> <span class='ocrx_word' id='word_1_50' title='bbox 1171 1448 1261 1489; x_wconf 83' lang='lat' dir='ltr'>voca-</span> 
     </span>
     <span class='ocr_line' id='line_1_9' title="bbox 219 1528 1260 1617; baseline -0.004 -18"><span class='ocrx_word' id='word_1_51' title='bbox 219 1544 284 1599; x_wconf 85' lang='lat' dir='ltr'>tam</span> <span class='ocrx_word' id='word_1_52' title='bbox 319 1557 386 1599; x_wconf 90' lang='lat' dir='ltr'>csse</span> <span class='ocrx_word' id='word_1_53' title='bbox 415 1539 487 1614; x_wconf 84' lang='lat' dir='ltr'>quia</span> <span class='ocrx_word' id='word_1_54' title='bbox 520 1562 534 1594; x_wconf 73' lang='grc' dir='ltr'>ε(</span> <span class='ocrx_word' id='word_1_55' title='bbox 567 1540 605 1599; x_wconf 90' lang='lat' dir='ltr'>ab</span> <span class='ocrx_word' id='word_1_56' title='bbox 636 1528 758 1598; x_wconf 84' lang='lat' dir='ltr'>Euclide</span> <span class='ocrx_word' id='word_1_57' title='bbox 784 1537 971 1617; x_wconf 89' lang='lat' dir='ltr'>geometrico</span> <span class='ocrx_word' id='word_1_58' title='bbox 1002 1559 1017 1591; x_wconf 73' lang='lat' dir='ltr'>a</span> <span class='ocrx_word' id='word_1_59' title='bbox 1047 1536 1260 1611; x_wconf 87' lang='lat' dir='ltr'>proportiones</span> 
     </span>
     <span class='ocr_line' id='line_1_10' title="bbox 219 1643 1259 1723; baseline -0.004 -19"><span class='ocrx_word' id='word_1_60' title='bbox 219 1648 389 1723; x_wconf 87' lang='lat' dir='ltr'>descriptas</span> <span class='ocrx_word' id='word_1_61' title='bbox 419 1665 498 1706; x_wconf 86' lang='lat' dir='ltr'>esse.</span> <span class='ocrx_word' id='word_1_62' title='bbox 530 1647 568 1705; x_wconf 94' lang='lat' dir='ltr'>Hi</span> <span class='ocrx_word' id='word_1_63' title='bbox 595 1645 799 1722; x_wconf 83' lang='lat' dir='ltr'>proportionis</span> <span class='ocrx_word' id='word_1_64' title='bbox 821 1643 903 1703; x_wconf 88' lang='lat' dir='ltr'>illius</span> <span class='ocrx_word' id='word_1_65' title='bbox 925 1661 1049 1716; x_wconf 85' lang='lat' dir='ltr'>nomen,</span> <span class='ocrx_word' id='word_1_66' title='bbox 1075 1662 1137 1702; x_wconf 89' lang='lat' dir='ltr'>non</span> <span class='ocrx_word' id='word_1_67' title='bbox 1168 1647 1259 1702; x_wconf 89' lang='lat' dir='ltr'>uatu-</span> 
     </span>
     <span class='ocr_line' id='line_1_11' title="bbox 219 1750 1260 1829; baseline -0.003 -18"><span class='ocrx_word' id='word_1_68' title='bbox 219 1772 287 1812; x_wconf 86' lang='lat' dir='ltr'>ram</span> <span class='ocrx_word' id='word_1_69' title='bbox 313 1753 489 1829; x_wconf 78' lang='lat' dir='ltr'>explanant.</span> <span class='ocrx_word' id='word_1_70' title='bbox 507 1755 568 1824; x_wconf 86' lang='lat' dir='ltr'>Nec</span> <span class='ocrx_word' id='word_1_71' title='bbox 598 1753 672 1812; x_wconf 92' lang='lat' dir='ltr'>satis</span> <span class='ocrx_word' id='word_1_72' title='bbox 699 1753 797 1828; x_wconf 92' lang='lat' dir='ltr'>placet</span> <span class='ocrx_word' id='word_1_73' title='bbox 822 1770 857 1811; x_wconf 92' lang='lat' dir='ltr'>ea</span> <span class='ocrx_word' id='word_1_74' title='bbox 875 1769 967 1827; x_wconf 91' lang='lat' dir='ltr'>quam</span> <span class='ocrx_word' id='word_1_75' title='bbox 993 1751 1058 1825; x_wconf 88' lang='lat' dir='ltr'>ipse</span> <span class='ocrx_word' id='word_1_76' title='bbox 1082 1750 1260 1809; x_wconf 78' lang='lat' dir='ltr'>Aristoteles</span> 
     </span>
     <span class='ocr_line' id='line_1_12' title="bbox 219 1855 1260 1940; baseline -0.004 -22"><span class='ocrx_word' id='word_1_77' title='bbox 219 1860 342 1935; x_wconf 81' lang='lat' dir='ltr'>scripsit</span> <span class='ocrx_word' id='word_1_78' title='bbox 364 1859 524 1919; x_wconf 80' lang='lat' dir='ltr'>definitio:</span> <span class='ocrx_word' id='word_1_79' title='bbox 552 1862 643 1940; x_wconf 79' lang='grc' dir='ltr'>ἑνγὰρ</span> <span class='ocrx_word' id='word_1_80' title='bbox 671 1869 704 1940; x_wconf 77' lang='grc' dir='ltr'>τῇ</span> <span class='ocrx_word' id='word_1_81' title='bbox 730 1867 897 1938; x_wconf 69' lang='grc' dir='ltr'>γεωμετρικῇ</span> <span class='ocrx_word' id='word_1_82' title='bbox 923 1856 1056 1936; x_wconf 69' lang='lat' dir='ltr'>mptctvu</span> <span class='ocrx_word' id='word_1_83' title='bbox 1082 1863 1127 1916; x_wconf 72' lang='lat' dir='ltr'>aad</span> <span class='ocrx_word' id='word_1_84' title='bbox 1150 1855 1181 1915; x_wconf 80' lang='grc' dir='ltr'>τὸ</span> <span class='ocrx_word' id='word_1_85' title='bbox 1201 1856 1260 1915; x_wconf 80' lang='grc' dir='ltr'>ὅλον</span> 
     </span>
    </p>
   </div>
   <div class='ocr_carea' id='block_1_3' title="bbox 219 1968 915 2143">
    <p class='ocr_par' dir='ltr' id='par_1_4' title="bbox 219 1968 915 2143">
     <span class='ocr_line' id='line_1_13' title="bbox 219 1968 915 2143; baseline 0.001 -73"><span class='ocrx_word' id='word_1_86' title='bbox 219 2012 282 2092; x_wconf 79' lang='grc' dir='ltr'>ὅπερ</span> <span class='ocrx_word' id='word_1_87' title='bbox 298 2014 421 2094; x_wconf 77' lang='grc' dir='ltr'>ἑκάτερον</span> <span class='ocrx_word' id='word_1_88' title='bbox 441 2010 506 2093; x_wconf 82' lang='grc' dir='ltr'>πρὸς</span> <span class='ocrx_word' id='word_1_89' title='bbox 525 2013 649 2093; x_wconf 75' lang='grc' dir='ltr'>ἑκάτερον</span> <span class='ocrx_word' id='word_1_90' title='bbox 672 1968 820 2143; x_wconf 62' lang='grc' dir='ltr'><strong>(11ῒό-</strong></span> <span class='ocrx_word' id='word_1_91' title='bbox 836 2045 874 2104; x_wconf 59' lang='lat'>8,</span> <span class='ocrx_word' id='word_1_92' title='bbox 891 2011 915 2071; x_wconf 81' lang='lat' dir='ltr'>it</span> 
     </span>
     <span class='ocr_line' id='line_1_14' title="bbox 748 2102 765 2122; baseline 0 -1"><span class='ocrx_word' id='word_1_93' title='bbox 748 2102 765 2122; x_wconf 50' lang='lat'><em>2</em></span> 
     </span>
    </p>
   </div>
   <div class='ocr_carea' id='block_1_4' title="bbox 215 2172 1260 2787">
    <p class='ocr_par' dir='ltr' id='par_1_5' title="bbox 215 2172 1260 2787">
     <span class='ocr_line' id='line_1_15' title="bbox 219 2172 1257 2250; baseline -0.001 -20"><span class='ocrx_word' id='word_1_94' title='bbox 219 2173 344 2247; x_wconf 81' lang='lat' dir='ltr'>quidem</span> <span class='ocrx_word' id='word_1_95' title='bbox 354 2175 390 2232; x_wconf 96' lang='lat' dir='ltr'>de</span> <span class='ocrx_word' id='word_1_96' title='bbox 404 2173 589 2250; x_wconf 88' lang='lat' dir='ltr'>geometrica</span> <span class='ocrx_word' id='word_1_97' title='bbox 607 2174 801 2249; x_wconf 88' lang='lat' dir='ltr'>proportione</span> <span class='ocrx_word' id='word_1_98' title='bbox 817 2193 924 2233; x_wconf 90' lang='lat' dir='ltr'>verum</span> <span class='ocrx_word' id='word_1_99' title='bbox 939 2178 986 2232; x_wconf 89' lang='lat' dir='ltr'>est</span> <span class='ocrx_word' id='word_1_100' title='bbox 1003 2177 1095 2249; x_wconf 86' lang='lat' dir='ltr'>atque</span> <span class='ocrx_word' id='word_1_101' title='bbox 1110 2174 1147 2231; x_wconf 91' lang='lat' dir='ltr'>de</span> <span class='ocrx_word' id='word_1_102' title='bbox 1163 2172 1257 2231; x_wconf 86' lang='lat' dir='ltr'>arith-</span> 
     </span>
     <span class='ocr_line' id='line_1_16' title="bbox 218 2279 1259 2356; baseline 0 -20"><span class='ocrx_word' id='word_1_103' title='bbox 218 2280 332 2338; x_wconf 88' lang='lat' dir='ltr'>metica</span> <span class='ocrx_word' id='word_1_104' title='bbox 347 2280 469 2339; x_wconf 82' lang='lat' dir='ltr'>salsum.</span> <span class='ocrx_word' id='word_1_105' title='bbox 494 2281 552 2340; x_wconf 88' lang='lat' dir='ltr'>Sed</span> <span class='ocrx_word' id='word_1_106' title='bbox 568 2281 711 2340; x_wconf 88' lang='lat' dir='ltr'>accidens</span> <span class='ocrx_word' id='word_1_107' title='bbox 729 2283 882 2356; x_wconf 85' lang='lat' dir='ltr'>quoddam</span> <span class='ocrx_word' id='word_1_108' title='bbox 900 2281 1109 2356; x_wconf 85' lang='lat' dir='ltr'>potiusquam</span> <span class='ocrx_word' id='word_1_109' title='bbox 1125 2279 1259 2338; x_wconf 88' lang='lat' dir='ltr'>essentia</span> 
     </span>
     <span class='ocr_line' id='line_1_17' title="bbox 218 2386 1259 2464; baseline -0.002 -20"><span class='ocrx_word' id='word_1_110' title='bbox 218 2386 413 2463; x_wconf 68' lang='lat' dir='ltr'>geometricae</span> <span class='ocrx_word' id='word_1_111' title='bbox 435 2387 642 2462; x_wconf 89' lang='lat' dir='ltr'>proportionis</span> <span class='ocrx_word' id='word_1_112' title='bbox 665 2387 709 2447; x_wconf 91' lang='lat' dir='ltr'>sic</span> <span class='ocrx_word' id='word_1_113' title='bbox 731 2387 921 2463; x_wconf 86' lang='lat' dir='ltr'>exprimitur.</span> <span class='ocrx_word' id='word_1_114' title='bbox 944 2388 1014 2446; x_wconf 89' lang='lat' dir='ltr'>ldeo</span> <span class='ocrx_word' id='word_1_115' title='bbox 1040 2386 1259 2464; x_wconf 84' lang='lat' dir='ltr'>geometricam</span> 
     </span>
     <span class='ocr_line' id='line_1_18' title="bbox 219 2493 1260 2571; baseline 0.002 -21"><span class='ocrx_word' id='word_1_116' title='bbox 219 2494 299 2551; x_wconf 89' lang='lat' dir='ltr'>hanc</span> <span class='ocrx_word' id='word_1_117' title='bbox 328 2494 557 2568; x_wconf 89' lang='lat' dir='ltr'>proportionem</span> <span class='ocrx_word' id='word_1_118' title='bbox 578 2494 679 2553; x_wconf 86' lang='lat' dir='ltr'>vocari</span> <span class='ocrx_word' id='word_1_119' title='bbox 703 2499 846 2569; x_wconf 86' lang='lat' dir='ltr'>putamus</span> <span class='ocrx_word' id='word_1_120' title='bbox 870 2495 952 2569; x_wconf 86' lang='lat' dir='ltr'>quod</span> <span class='ocrx_word' id='word_1_121' title='bbox 970 2493 1158 2571; x_wconf 90' lang='lat' dir='ltr'>geometrica</span> <span class='ocrx_word' id='word_1_122' title='bbox 1180 2512 1260 2568; x_wconf 86' lang='lat' dir='ltr'>quae·</span> 
     </span>
     <span class='ocr_line' id='line_1_19' title="bbox 217 2599 1258 2676; baseline 0 -19"><span class='ocrx_word' id='word_1_123' title='bbox 217 2599 288 2657; x_wconf 90' lang='lat' dir='ltr'>dam</span> <span class='ocrx_word' id='word_1_124' title='bbox 311 2599 409 2676; x_wconf 86' lang='lat' dir='ltr'>figura</span> <span class='ocrx_word' id='word_1_125' title='bbox 433 2618 501 2658; x_wconf 91' lang='lat' dir='ltr'>eam</span> <span class='ocrx_word' id='word_1_126' title='bbox 524 2601 638 2675; x_wconf 90' lang='lat' dir='ltr'>optime</span> <span class='ocrx_word' id='word_1_127' title='bbox 659 2605 729 2660; x_wconf 85' lang='lat' dir='ltr'>aute</span> <span class='ocrx_word' id='word_1_128' title='bbox 754 2601 859 2660; x_wconf 88' lang='lat' dir='ltr'>oculos</span> <span class='ocrx_word' id='word_1_129' title='bbox 885 2601 981 2676; x_wconf 86' lang='lat' dir='ltr'>ponit.</span> <span class='ocrx_word' id='word_1_130' title='bbox 1003 2602 1080 2659; x_wconf 89' lang='lat' dir='ltr'>Nam</span> <span class='ocrx_word' id='word_1_131' title='bbox 1101 2601 1164 2659; x_wconf 77' lang='lat' dir='ltr'>herc</span> <span class='ocrx_word' id='word_1_132' title='bbox 1179 2599 1258 2658; x_wconf 87' lang='lat' dir='ltr'>ratio</span> 
     </span>
     <span class='ocr_line' id='line_1_20' title="bbox 215 2704 1258 2787; baseline 0 -23"><span class='ocrx_word' id='word_1_133' title='bbox 215 2704 423 2780; x_wconf 68' lang='lat' dir='ltr'>curialitatem</span> <span class='ocrx_word' id='word_1_134' title='bbox 447 2725 644 2766; x_wconf 87' lang='lat' dir='ltr'>numerorum</span> <span class='ocrx_word' id='word_1_135' title='bbox 666 2705 769 2787; x_wconf 81' lang='grc' dir='ltr'>(ἰσότης</span> <span class='ocrx_word' id='word_1_136' title='bbox 790 2705 910 2787; x_wconf 61' lang='grc' dir='ltr'><strong>λόγων1)</strong></span> <span class='ocrx_word' id='word_1_137' title='bbox 935 2726 990 2782; x_wconf 89' lang='lat' dir='ltr'>per</span> <span class='ocrx_word' id='word_1_138' title='bbox 1006 2706 1188 2766; x_wconf 79' lang='lat' dir='ltr'>divisionem</span> <span class='ocrx_word' id='word_1_139' title='bbox 1210 2706 1258 2764; x_wconf 91' lang='lat' dir='ltr'>vel</span> 
     </span>
    </p>
   </div>
   <div class='ocr_carea' id='block_1_5' title="bbox 217 2811 1256 2890">
    <p class='ocr_par' dir='ltr' id='par_1_6' title="bbox 217 2811 1256 2890">
     <span class='ocr_line' id='line_1_21' title="bbox 217 2811 1256 2890; baseline 0.002 -21"><span class='ocrx_word' id='word_1_140' title='bbox 217 2811 506 2887; x_wconf 88' lang='lat' dir='ltr'>multiplicationem</span> <span class='ocrx_word' id='word_1_141' title='bbox 539 2815 717 2873; x_wconf 80' lang='lat' dir='ltr'>effectorum</span> <span class='ocrx_word' id='word_1_142' title='bbox 746 2815 903 2873; x_wconf 87' lang='lat' dir='ltr'>enuntiat:</span> <span class='ocrx_word' id='word_1_143' title='bbox 938 2814 992 2885; x_wconf 78' lang='lat' dir='ltr'>sic,</span> <span class='ocrx_word' id='word_1_144' title='bbox 1026 2812 1158 2888; x_wconf 81' lang='lat' dir='ltr'>exempli</span> <span class='ocrx_word' id='word_1_145' title='bbox 1186 2831 1256 2890; x_wconf 88' lang='lat' dir='ltr'>gra-</span> 
     </span>
    </p>
   </div>
   <div class='ocr_carea' id='block_1_6' title="bbox 215 2918 1258 3075">
    <p class='ocr_par' dir='ltr' id='par_1_7' title="bbox 215 2918 1258 3075">
     <span class='ocr_line' id='line_1_22' title="bbox 215 2918 1258 3075; baseline 0.002 -55"><span class='ocrx_word' id='word_1_146' title='bbox 215 2963 270 3036; x_wconf 76' lang='lat' dir='ltr'>tia,</span> <span class='ocrx_word' id='word_1_147' title='bbox 291 2918 363 3073; x_wconf 53' lang='grc' dir='ltr'>ἑτ-</span> <span class='ocrx_word' id='word_1_148' title='bbox 378 2919 416 3075; x_wconf 56' lang='lat'>{³</span> <span class='ocrx_word' id='word_1_149' title='bbox 435 2965 493 3036; x_wconf 81' lang='lat' dir='ltr'>vel,</span> <span class='ocrx_word' id='word_1_150' title='bbox 509 2967 589 3040; x_wconf 90' lang='lat' dir='ltr'>quod</span> <span class='ocrx_word' id='word_1_151' title='bbox 604 2966 684 3025; x_wconf 90' lang='lat' dir='ltr'>idem</span> <span class='ocrx_word' id='word_1_152' title='bbox 700 2969 757 3040; x_wconf 81' lang='lat' dir='ltr'>est,</span> <span class='ocrx_word' id='word_1_153' title='bbox 775 2967 787 3023; x_wconf 95' lang='grc'><strong>1</strong></span> <span class='ocrx_word' id='word_1_154' title='bbox 800 2978 839 3032; x_wconf 91' lang='grc'>&gt;&lt;</span> <span class='ocrx_word' id='word_1_155' title='bbox 850 2964 868 3024; x_wconf 89' lang='lat'>8</span> <span class='ocrx_word' id='word_1_156' title='bbox 880 2995 915 3016; x_wconf 86' lang='lat'>=</span> <span class='ocrx_word' id='word_1_157' title='bbox 928 2965 945 3023; x_wconf 92' lang='lat'>2</span> <span class='ocrx_word' id='word_1_158' title='bbox 959 2965 1142 3033; x_wconf 73' lang='lat' dir='ltr'>&gt;&lt;l,Graeci</span> <span class='ocrx_word' id='word_1_159' title='bbox 1154 2968 1258 3024; x_wconf 91' lang='lat' dir='ltr'>autem</span> 
     </span>
    </p>
   </div>
   <div class='ocr_carea' id='block_1_7' title="bbox 214 3125 1257 3203">
    <p class='ocr_par' dir='ltr' id='par_1_8' title="bbox 214 3125 1257 3203">
     <span class='ocr_line' id='line_1_23' title="bbox 214 3125 1257 3203; baseline 0.002 -23"><span class='ocrx_word' id='word_1_160' title='bbox 214 3125 426 3183; x_wconf 87' lang='lat' dir='ltr'>mathematici</span> <span class='ocrx_word' id='word_1_161' title='bbox 446 3125 735 3201; x_wconf 87' lang='lat' dir='ltr'>multiplicationem</span> <span class='ocrx_word' id='word_1_162' title='bbox 766 3145 820 3202; x_wconf 89' lang='lat' dir='ltr'>per</span> <span class='ocrx_word' id='word_1_163' title='bbox 847 3126 1061 3203; x_wconf 88' lang='lat' dir='ltr'>orthogoniam</span> <span class='ocrx_word' id='word_1_164' title='bbox 1093 3126 1257 3200; x_wconf 88' lang='lat' dir='ltr'>quamdam</span> 
     </span>
    </p>
   </div>
   <div class='ocr_carea' id='block_1_8' title="bbox 215 3231 1361 3322">
    <p class='ocr_par' dir='ltr' id='par_1_9' title="bbox 215 3231 1361 3322">
     <span class='ocr_line' id='line_1_24' title="bbox 215 3231 1361 3322; baseline 0.003 -35"><span class='ocrx_word' id='word_1_165' title='bbox 215 3231 347 3306; x_wconf 88' lang='lat' dir='ltr'>figuram</span> <span class='ocrx_word' id='word_1_166' title='bbox 366 3231 542 3322; x_wconf 77' lang='lat' dir='ltr'>significant</span> <span class='ocrx_word' id='word_1_167' title='bbox 558 3233 646 3307; x_wconf 84' lang='lat' dir='ltr'>cujus</span> <span class='ocrx_word' id='word_1_168' title='bbox 662 3252 815 3308; x_wconf 84' lang='lat' dir='ltr'>quamque</span> <span class='ocrx_word' id='word_1_169' title='bbox 832 3233 947 3293; x_wconf 84' lang='lat' dir='ltr'>lineam</span> <span class='ocrx_word' id='word_1_170' title='bbox 964 3233 1093 3309; x_wconf 89' lang='lat' dir='ltr'>quisque</span> <span class='ocrx_word' id='word_1_171' title='bbox 1111 3250 1256 3291; x_wconf 91' lang='lat' dir='ltr'>numerus</span> <span class='ocrx_word' id='word_1_172' title='bbox 1353 3309 1361 3315; x_wconf 21' lang='grc' dir='ltr'>ι</span> 
     </span>
    </p>
   </div>
   <div class='ocr_carea' id='block_1_9' title="bbox 215 3336 587 3412">
    <p class='ocr_par' dir='ltr' id='par_1_10' title="bbox 215 3336 587 3412">
     <span class='ocr_line' id='line_1_25' title="bbox 215 3336 587 3412; baseline 0.013 -19"><span class='ocrx_word' id='word_1_173' title='bbox 215 3336 439 3412; x_wconf 88' lang='lat' dir='ltr'>multiplicatus</span> <span class='ocrx_word' id='word_1_174' title='bbox 451 3339 587 3403; x_wconf 89' lang='lat' dir='ltr'>metitur.</span> 
     </span>
    </p>
   </div>
   <div class='ocr_carea' id='block_1_10' title="bbox 215 3523 1334 4055">
    <p class='ocr_par' dir='ltr' id='par_1_11' title="bbox 215 3523 1334 3654">
     <span class='ocr_line' id='line_1_26' title="bbox 215 3523 1254 3588; baseline 0.003 -18"><span class='ocrx_word' id='word_1_175' title='bbox 215 3523 308 3570; x_wconf 86' lang='lat' dir='ltr'>uitur:</span> <span class='ocrx_word' id='word_1_176' title='bbox 327 3523 398 3572; x_wconf 90' lang='lat' dir='ltr'>hunc</span> <span class='ocrx_word' id='word_1_177' title='bbox 410 3525 481 3571; x_wconf 89' lang='lat' dir='ltr'>enim</span> <span class='ocrx_word' id='word_1_178' title='bbox 497 3523 585 3572; x_wconf 91' lang='lat' dir='ltr'>locum</span> <span class='ocrx_word' id='word_1_179' title='bbox 605 3538 660 3573; x_wconf 93' lang='lat' dir='ltr'>non</span> <span class='ocrx_word' id='word_1_180' title='bbox 677 3525 715 3574; x_wconf 88' lang='lat' dir='ltr'>ita</span> <span class='ocrx_word' id='word_1_181' title='bbox 727 3525 938 3588; x_wconf 86' lang='lat' dir='ltr'>interpretamur</span> <span class='ocrx_word' id='word_1_182' title='bbox 952 3527 982 3573; x_wconf 91' lang='lat' dir='ltr'>ut</span> <span class='ocrx_word' id='word_1_183' title='bbox 997 3525 1071 3574; x_wconf 87' lang='lat' dir='ltr'>Plato</span> <span class='ocrx_word' id='word_1_184' title='bbox 1086 3527 1130 3587; x_wconf 85' lang='lat' dir='ltr'>jus</span> <span class='ocrx_word' id='word_1_185' title='bbox 1146 3538 1254 3574; x_wconf 89' lang='lat' dir='ltr'>correc-</span> 
     </span>
     <span class='ocr_line' id='line_1_27' title="bbox 218 3592 1334 3654; baseline 0.007 -5"><span class='ocrx_word' id='word_1_186' title='bbox 218 3603 301 3650; x_wconf 85' lang='lat' dir='ltr'>tivum</span> <span class='ocrx_word' id='word_1_187' title='bbox 316 3618 330 3650; x_wconf 83' lang='lat' dir='ltr'>e</span> <span class='ocrx_word' id='word_1_188' title='bbox 345 3592 517 3653; x_wconf 79' lang='lat' dir='ltr'>distributivo</span> <span class='ocrx_word' id='word_1_189' title='bbox 533 3605 682 3654; x_wconf 81' lang='lat' dir='ltr'>secrevisse</span> <span class='ocrx_word' id='word_1_190' title='bbox 698 3605 830 3654; x_wconf 85' lang='lat' dir='ltr'>videatur.</span> <span class='ocrx_word' id='word_1_191' title='bbox 1332 3601 1334 3603; x_wconf 39' lang='lat'>¹</span> 
     </span>
    </p>

    <p class='ocr_par' dir='ltr' id='par_1_12' title="bbox 216 3682 1254 3905">
     <span class='ocr_line' id='line_1_28' title="bbox 248 3682 1254 3743; baseline 0.006 -15"><span class='ocrx_word' id='word_1_192' title='bbox 248 3684 269 3730; x_wconf 92' lang='grc'>1,</span> <span class='ocrx_word' id='word_1_193' title='bbox 287 3682 361 3743; x_wconf 75' lang='lat' dir='ltr'>ibid,</span> <span class='ocrx_word' id='word_1_194' title='bbox 379 3686 401 3731; x_wconf 77' lang='grc'>1.</span> <span class='ocrx_word' id='word_1_195' title='bbox 420 3686 476 3731; x_wconf 87' lang='grc'><strong>1131</strong></span> <span class='ocrx_word' id='word_1_196' title='bbox 494 3684 510 3732; x_wconf 89' lang='lat' dir='ltr'>h</span> <span class='ocrx_word' id='word_1_197' title='bbox 531 3687 613 3732; x_wconf 76' lang='lat' dir='ltr'>re-u.</span> <span class='ocrx_word' id='word_1_198' title='bbox 629 3685 745 3734; x_wconf 81' lang='lat' dir='ltr'>Dubium</span> <span class='ocrx_word' id='word_1_199' title='bbox 755 3688 794 3734; x_wconf 91' lang='lat' dir='ltr'>est</span> <span class='ocrx_word' id='word_1_200' title='bbox 811 3690 899 3735; x_wconf 88' lang='lat' dir='ltr'>utrum</span> <span class='ocrx_word' id='word_1_201' title='bbox 909 3685 1066 3735; x_wconf 79' lang='lat' dir='ltr'>Aristoteles</span> <span class='ocrx_word' id='word_1_202' title='bbox 1087 3685 1201 3733; x_wconf 88' lang='lat' dir='ltr'>similem</span> <span class='ocrx_word' id='word_1_203' title='bbox 1213 3687 1254 3734; x_wconf 90' lang='lat' dir='ltr'>Ps-</span> 
     </span>
     <span class='ocr_line' id='line_1_29' title="bbox 216 3762 1254 3830; baseline 0.004 -20"><span class='ocrx_word' id='word_1_204' title='bbox 216 3762 341 3823; x_wconf 65' lang='lat' dir='ltr'>Archytar</span> <span class='ocrx_word' id='word_1_205' title='bbox 360 3763 522 3812; x_wconf 90' lang='lat' dir='ltr'>sententiam</span> <span class='ocrx_word' id='word_1_206' title='bbox 543 3765 700 3828; x_wconf 85' lang='lat' dir='ltr'>cognoverit</span> <span class='ocrx_word' id='word_1_207' title='bbox 715 3779 805 3814; x_wconf 88' lang='lat' dir='ltr'>annon</span> <span class='ocrx_word' id='word_1_208' title='bbox 818 3765 853 3827; x_wconf 89' lang='lat' dir='ltr'>(v.</span> <span class='ocrx_word' id='word_1_209' title='bbox 870 3765 992 3824; x_wconf 83' lang='lat' dir='ltr'>Mdllach,</span> <span class='ocrx_word' id='word_1_210' title='bbox 1005 3765 1111 3830; x_wconf 84' lang='lat' dir='ltr'>Fragm.</span> <span class='ocrx_word' id='word_1_211' title='bbox 1126 3765 1190 3829; x_wconf 89' lang='lat' dir='ltr'>phil.</span> <span class='ocrx_word' id='word_1_212' title='bbox 1205 3779 1254 3830; x_wconf 80' lang='lat' dir='ltr'>gr,</span> 
     </span>
     <span class='ocr_line' id='line_1_30' title="bbox 216 3842 427 3905; baseline 0.024 -18"><span class='ocrx_word' id='word_1_213' title='bbox 216 3842 269 3890; x_wconf 82' lang='lat' dir='ltr'>vol.</span> <span class='ocrx_word' id='word_1_214' title='bbox 282 3843 301 3902; x_wconf 76' lang='lat'>1,</span> <span class='ocrx_word' id='word_1_215' title='bbox 316 3856 342 3905; x_wconf 92' lang='lat' dir='ltr'>p.</span> <span class='ocrx_word' id='word_1_216' title='bbox 363 3844 427 3905; x_wconf 72' lang='lat'>560).</span> 
     </span>
    </p>

    <p class='ocr_par' dir='ltr' id='par_1_13' title="bbox 248 3921 778 3988">
     <span class='ocr_line' id='line_1_31' title="bbox 248 3921 778 3988; baseline 0.009 -21"><span class='ocrx_word' id='word_1_217' title='bbox 248 3923 272 3967; x_wconf 68' lang='lat'>2.</span> <span class='ocrx_word' id='word_1_218' title='bbox 290 3921 351 3968; x_wconf 60' lang='lat' dir='ltr'>nuc</span> <span class='ocrx_word' id='word_1_219' title='bbox 367 3921 435 3980; x_wconf 60' lang='lat' dir='ltr'>Nic„</span> <span class='ocrx_word' id='word_1_220' title='bbox 452 3923 494 3971; x_wconf 92' lang='lat' dir='ltr'>ed.</span> <span class='ocrx_word' id='word_1_221' title='bbox 512 3923 668 3978; x_wconf 84' lang='lat' dir='ltr'>Ramsauer,</span> <span class='ocrx_word' id='word_1_222' title='bbox 683 3939 710 3988; x_wconf 88' lang='lat' dir='ltr'>p.</span> <span class='ocrx_word' id='word_1_223' title='bbox 724 3926 778 3974; x_wconf 80' lang='grc'><strong>301.</strong></span> 
     </span>
    </p>

    <p class='ocr_par' dir='ltr' id='par_1_14' title="bbox 249 3999 669 4055">
     <span class='ocr_line' id='line_1_32' title="bbox 249 3999 669 4055; baseline 0.005 -5"><span class='ocrx_word' id='word_1_224' title='bbox 249 4003 272 4050; x_wconf 86' lang='grc'>3.</span> <span class='ocrx_word' id='word_1_225' title='bbox 290 3999 350 4051; x_wconf 79' lang='lat' dir='ltr'>Etle.</span> <span class='ocrx_word' id='word_1_226' title='bbox 366 4001 421 4050; x_wconf 83' lang='lat' dir='ltr'>Nic.</span> <span class='ocrx_word' id='word_1_227' title='bbox 436 4002 465 4051; x_wconf 88' lang='lat' dir='ltr'>E.</span> <span class='ocrx_word' id='word_1_228' title='bbox 481 4004 504 4051; x_wconf 88' lang='grc'>6.</span> <span class='ocrx_word' id='word_1_229' title='bbox 522 4005 580 4054; x_wconf 87' lang='grc'><strong>1131</strong></span> <span class='ocrx_word' id='word_1_230' title='bbox 600 4016 616 4053; x_wconf 86' lang='lat' dir='ltr'>a</span> <span class='ocrx_word' id='word_1_231' title='bbox 630 4005 669 4055; x_wconf 84' lang='lat'>31.</span> 
     </span>
    </p>
   </div>
   <div class='ocr_carea' id='block_1_11' title="bbox 0 0 1478 5212">
    <p class='ocr_par' dir='ltr' id='par_1_15' title="bbox 0 0 1478 5212">
     <span class='ocr_line' id='line_1_33' title="bbox 0 0 1478 5212; baseline 0 3"><span class='ocrx_word' id='word_1_232' title='bbox 0 0 1478 5212; x_wconf 95' lang='lat' dir='ltr'> </span> 
     </span>
    </p>
   </div>
  </div>
 </body>
</html>
