2948 5212
318 621 353 664 na
374 619 521 662 monacas
544 618 574 660 nn
597 617 789 673 domninum
814 619 847 659 ns
869 619 987 662 nnnnns
1010 619 1158 664 ciconnis
1220 603 1257 664 65

212 747 371 822 ‘cujusque
385 744 519 804 hominis
537 743 568 801 in
590 747 738 802 aeternum
761 745 899 803 eamdem
915 761 1041 803 manere
1054 748 1175 820 putant,
1192 765 1257 823 qnae

217 853 355 930 qnotidie
370 855 524 910 mutatur:
542 868 646 909 nonne
668 849 717 908 hic
732 850 784 925 qni
805 850 895 909 hodie
913 868 1019 910 servus
1036 857 1166 912 estoras
1181 853 1258 914 liber

218 960 298 1019 crit?
315 977 417 1018 nonne
433 956 484 1017 ille
499 955 551 1033 qni
575 953 748 1033 principatu
774 957 863 1016 hodic
880 957 991 1034 dignus
1018 962 1065 1018 cst
1086 977 1154 1019 cras
1179 960 1257 1018 indi·

218 1085 299 1145 gnus
317 1084 384 1125 esse
401 1064 522 1140 potest?
538 1065 640 1124 Unum
660 1063 785 1122 omnino
802 1064 919 1138 justum
937 1068 1001 1124 est:
1022 1065 1102 1124 bona
1118 1085 1257 1126 commn-

218 1174 271 1233 nia
285 1149 395 1248 cuique
411 1190 465 1247 pro
482 1171 633 1248 dignitate
649 1170 793 1229 tribucre.
812 1171 946 1230 Potamiis
962 1174 993 1230 et
1008 1172 1105 1246 poenis
1121 1173 1163 1232 ita
1181 1174 1256 1233 civi-

218 1284 301 1340 tates
315 1280 361 1338 nti
377 1278 492 1338 dehent
506 1281 550 1348 nt,
567 1280 686 1336 mutata
702 1277 832 1351 alicujus
842 1277 1003 1354 dignitate,
1020 1296 1091 1354 pars
1106 1280 1256 1340 honorum

217 1386 266 1446 vel
291 1385 441 1445 malornm
470 1385 541 1443 hnic
574 1384 688 1444 tributa
715 1388 833 1442 creseat
858 1384 906 1442 vel
931 1385 1097 1445 minuatur.
1122 1388 1256 1446 Mutatur

104 1496 129 1543 ἑ
217 1495 321 1552 antem
330 1492 467 1569 dignitas
479 1491 503 1549 si
514 1495 650 1550 mutetur
660 1491 795 1549 hominis
806 1495 861 1549 ant
875 1491 1004 1550 materia
1015 1496 1069 1551 ant
1081 1495 1189 1564 sonna,
1202 1497 1256 1552 ant

217 1599 299 1658 finis.
324 1598 505 1657 Aristoteles
529 1597 700 1657 sententias
727 1597 979 1672 philosophorum
1008 1602 1038 1657 et
1060 1598 1255 1675 politicorum

217 1723 319 1781 neque
331 1705 559 1764 conciliavisset
569 1723 668 1780 noque
679 1704 906 1763 emendavisset
920 1704 979 1763 nisi
992 1698 1145 1780 propriam
1165 1724 1254 1765 snam

192 1795 195 1798 ’
216 1812 253 1871 de
272 1812 375 1872 causis
386 1829 487 1870 rernm
499 1811 672 1871 doctrinam
685 1813 723 1870 ad
735 1810 918 1888 dignitatem
927 1811 1087 1870 hominnm
1100 1813 1253 1872 aestiman-

214 1919 287 1978 dam
303 1919 504 1978 adhibuisset.
