2946 5130
599 659 633 700 DE
653 658 718 701 JURE
738 658 872 701 struunt

209 788 342 866 igiture
357 784 468 861 quibus
484 784 672 862 geometrica
678 784 758 858 juris
769 785 955 844 distributivi
968 787 1046 845 ratic
1058 788 1258 847 constituitur

213 894 270 954 alii
285 893 362 953 elius
378 890 507 968 eligunt,
523 892 574 950 sed
588 909 678 950 nemu
696 895 791 968 negat
799 893 952 966 justitiam
971 894 1028 952 hac
1044 895 1161 953 ratione
1174 900 1256 954 recte

215 1000 350 1061 definiri.

259 1109 302 1169 Ut
313 1106 468 1183 justitiam
483 1107 648 1181 quamdam
664 1105 816 1166 inveniret
833 1124 898 1181 quae
916 1107 1058 1165 erunibus
1077 1111 1138 1166 tere
1155 1110 1256 1168 tierni-

216 1233 295 1273 num
322 1211 483 1272 sententiis
509 1215 540 1270 et
565 1212 686 1287 legibus
711 1216 904 1287 congrueret,
928 1213 1117 1279 Aristoteles,
1152 1219 1184 1273 ut
1216 1216 1257 1274 itu

217 1321 332 1387 dicant,
356 1317 484 1393 justitiae
510 1340 524 1371 ιι
550 1318 680 1375 tenuant
705 1339 719 1370 ν
744 1317 893 1389 definivit,
920 1341 933 1371 α
958 1320 1118 1377 rnuteriuui
1145 1344 1159 1373 »
1186 1340 1257 1379 sere

218 1425 335 1486 emisit.
364 1425 435 1495 Quae
462 1427 570 1483 natura
588 1422 727 1481 facienda
748 1422 857 1496 jubeat
878 1424 1056 1483 Aristoteles
1077 1444 1258 1486 enumerare

218 1531 343 1603 noluit‚‘
362 1532 415 1589 sed
439 1529 589 1589 rationem
615 1528 777 1603 qrramdaur
801 1529 905 1587 decuit
929 1548 989 1604 (μιν
1015 1531 1152 1590 ndiiibitu
1169 1533 1257 1591 facile

219 1639 337 1698 scimus
350 1635 422 1712 quid
433 1638 542 1694 natura
556 1634 702 1710 jubeatur
713 1633 760 1692 vel
776 1638 905 1693 vetetur.
922 1636 985 1694 ltec
1000 1637 1259 1696 minurientem

219 1743 383 1821 preposui:
401 1761 503 1802 nenne
517 1742 586 1817 plus
601 1759 693 1816 quarn
709 1742 845 1800 debiturn
862 1744 1006 1801 sumam?
1022 1763 1096 1802 nuni
1114 1745 1259 1819 injurinrn

218 1850 312 1912 alicui
325 1852 454 1909 inieram
464 1850 479 1907 ‘?
489 1849 562 1925 quid
573 1867 627 1924 pre
642 1849 795 1908 mercibus
805 1851 938 1924 acceptis
948 1851 1098 1910 vendituri
1116 1853 1259 1911 reddum?

220 1958 422 2034 Propertiene
444 1956 631 2034 geometrica
657 1955 705 2014 vel
725 1957 919 2015 arithmetica
940 1963 1021 2017 recte
1048 1960 1170 2034 scriptu,
1196 1961 1259 2018 scie

218 2065 294 2141 quid
309 2081 411 2141 ageni.
424 2063 486 2123 'Sed
496 2081 556 2138 que
573 2066 662 2138 pacto
674 2063 886 2138 proportiones
901 2063 958 2123 ittae
968 2068 1049 2123 reete
1065 2065 1259 2124 scribuntur?

219 2190 299 2247 (iiius
317 2188 463 2230 numeres
488 2169 679 2229 inscribam?
704 2171 762 2229 hec
786 2174 897 2229 nutura
920 2189 975 2230 nos
1006 2190 1068 2230 nun
1088 2173 1190 2230 decet:
1208 2173 1259 2247 jus

218 2277 360 2337 naturale
375 2277 453 2346 nihil
471 2276 551 2336 aliud
574 2280 621 2337 cst
636 2277 695 2335 nisi
712 2277 764 2351 jus
782 2300 796 2331 «
815 2279 940 2336 turmale
958 2301 972 2332 ν
986 2296 992 2336 :
1007 2277 1038 2336 τὸ
1051 2281 1100 2359 γὰρ
1115 2279 1215 2337 δίκαιον
1234 2283 1260 2337 ἐν

218 2391 278 2452 ταῖς
287 2388 426 2464 διανομαῖς
440 2386 599 2462 ὁμολογοῦσι
613 2383 709 2450 πάντες
724 2384 783 2443 κατ’
798 2381 871 2453 ἀξίαν
881 2388 941 2444 τινὰ
951 2388 1004 2443 δεῖν
1014 2388 1093 2457 εἶναι,
1106 2385 1157 2462 τὴν
1169 2384 1259 2464 μέντοι

220 2490 293 2562 ἀξίαν
309 2491 339 2550 οὐ
354 2491 405 2568 τὴν
420 2490 503 2567 αὐτὴν
516 2489 620 2563 λέγουσι
634 2490 733 2558 πάντες
749 2492 917 2571 ὑπάρχειν...
934 2495 953 2552 ¹.
972 2493 1043 2563 Quae
1057 2494 1095 2551 sit
1111 2494 1260 2568 cujusque

220 2599 357 2676 dignitus
372 2602 482 2658 natura
497 2601 591 2671 tacet,
616 2599 680 2670 sed,
708 2598 857 2674 dignitate
882 2599 1013 2675 alicujus
1035 2601 1168 2676 cognita,
1189 2601 1260 2675 quid

220 2706 265 2766 1111
280 2705 478 2765 tribuendum
496 2704 537 2764 sit
549 2708 658 2764 nutura
675 2705 758 2763 dicit.

255 2974 277 3019 1.
295 2971 354 3020 Ε1Ιι.
371 2971 427 3019 Nic.
443 2971 471 3018 Ε.
487 2973 511 3019 6.
528 2972 585 3019 1131
600 2985 613 3019 a
630 2973 669 3019 25.
687 2970 723 3019 Cf.
740 2970 835 3020 Ρο1.Γ.
852 2973 889 3020 12.
907 2973 994 3020 12821)
1010 2974 1054 3021 185
1072 2974 1134 3022 δοκεῖ
1151 2973 1173 3020 ὃέ
1188 2980 1260 3021 πᾶσιν

222 3055 272 3102 ἴσον
285 3071 308 3101 τι
320 3054 348 3102 τὸ
367 3052 458 3101 δίκαιον
475 3050 546 3112 εἶναι,
562 3055 602 3101 καὶ
620 3057 693 3117 μέχρι
709 3057 733 3114 γέ
749 3071 809 3109 τινος
824 3056 963 3116 unriurein
980 3063 1027 3111 τοῖς
1042 3055 1104 3104 κατὰ
1123 3057 1261 3117 φιλοσοφίαν

591 3137 597 3171 1

220 3138 307 3196 ideoq,
323 3134 345 3180 ἐν
358 3137 391 3191 οἷς
407 3134 533 3200 διώρισται
544 3151 599 3198 περ.
612 3142 656 3182 τῶν
669 3135 754 3186 ἠθικῶν
766 3135 798 3190 (τὶ
814 3133 915 3198 γὰρκαὶ
932 3138 978 3184 τινὶ
992 3137 1018 3184 το
1038 3136 1139 3193 δίκαιον,
1157 3137 1197 3183 καὶ
1214 3135 1261 3182 δεῖν

220 3224 270 3270 τοῖς
287 3216 345 3272 ιὀοις
361 3213 480 3264 ἴσονεῖναι
496 3215 585 3278 φασιν).
600 3211 654 3260 Pet.
671 3217 690 3262 Θ
707 3213 745 3275 (E)
766 3213 820 3262 1301
837 3216 903 3263 327.
