2948 5212
510 647 546 688 ne
567 646 632 689 iona
653 644 789 688 urrunnu
1130 627 1167 689 33

129 771 311 832 Aristoteles
340 790 402 830 non
427 770 526 831 solum
558 773 596 832 ad
621 769 743 831 civilem
772 772 835 844 sed,
867 775 902 830 nt
930 772 972 831 ita
1001 772 1111 846 dicam,
1132 773 1170 832 ad
1261 767 1262 770 ’

130 879 266 938 ethicam
286 879 471 956 dignitatem
488 879 651 968 spectavit.
673 881 750 938 Nam
770 878 910 937 addidit:
935 877 976 937 ’ἑτι
999 877 1030 938 τὸ
1053 881 1170 939 ἑκούσιον

129 984 174 1043 καὶ
197 984 229 1043 τὸ
258 982 379 1044 ἀκούσιον
395 984 512 1067 διαφέρει
529 983 595 1044 πολύ
613 1004 619 1045 ;
642 1004 708 1061 quae
725 986 768 1044 ita
783 984 985 1062 intelligimus
1002 989 1037 1049 ut
1050 986 1170 1073 justum

130 1093 171 1150 sit
187 1110 278 1167 poena
295 1093 435 1169 graviore
452 1092 588 1170 affligere
604 1093 687 1151 hunc
709 1092 762 1167 qui
784 1090 889 1151 volens
905 1110 998 1168 quam
1014 1092 1100 1151 illum
1117 1093 1171 1169 qui

129 1198 240 1257 nolens
264 1199 410 1274 injuriam
437 1199 553 1258 feccrit.
572 1201 679 1274 ltaque
700 1199 752 1273 qui
774 1199 991 1275 magistratum
1007 1200 1170 1274 quemdam

130 1306 273 1365 verberat
286 1324 349 1364 non
372 1307 443 1382 qnia
464 1307 582 1365 minore
598 1306 704 1365 ordine
720 1309 858 1378 ornatur,
878 1307 932 1364 sed
948 1306 1020 1381 quia
1032 1307 1170 1381 pejorem

131 1413 272 1491 animum
288 1411 414 1472 adhibet
435 1413 503 1472 ideo
524 1431 594 1471 eum
611 1412 792 1471 Aristoteles
814 1412 955 1489 graviore
978 1430 1067 1487 piena
1090 1413 1170 1472 rnul-

129 1523 193 1578 tat:
211 1538 284 1578 nam
301 1519 439 1595 privatus
459 1520 584 1595 quidam
607 1537 678 1578 cum
697 1519 914 1596 magistratum
926 1521 1067 1580 verberat
1086 1519 1170 1597 leges

130 1630 162 1685 et
190 1625 347 1686 civitatem
366 1627 464 1702 ipsam
484 1631 681 1686 contemnere
704 1627 828 1697 audet¹,
847 1626 1047 1704 magistratus
1067 1631 1170 1686 autern

131 1733 242 1792 nisiut
268 1733 352 1810 leges
379 1736 504 1792 tueatur
531 1732 651 1791 nullum
684 1733 782 1792 civem
809 1734 960 1793 verberat.
982 1734 1171 1811 Dignitatem

54 1923 57 1927 Ι
133 1858 217 1912 vero,
236 1858 288 1898 seu
311 1839 434 1899 civilem
459 1858 514 1899 seu
546 1840 691 1912 ethicam,
712 1841 750 1899 ad
778 1857 901 1915 pinnam
924 1840 1171 1901 constituendam

131 2141 241 2204 quidem
257 2140 379 2205 exemplo
402 2144 530 2204 sumpto:
550 2142 739 2208 νἰνθνπηρετῆσαί
755 2161 781 2190 τε
796 2147 842 2204 γὰρ
857 2142 894 2190 δεῖ
907 2151 939 2205 τῷ
955 2147 1117 2209 χαρισαριένῳ,
1134 2144 1172 2192 καὶ

131 2225 202 2270 πάλιν
215 2221 288 2275 αὐτὸν
303 2222 374 2286 ἄρξαι
386 2225 541 2286 χαριζόμενον
561 2221 600 2285 (Ε
615 2223 638 2270 8.
655 2223 715 2270 ll33
730 2235 745 2270 a
758 2224 791 2281 4).

165 2305 187 2350 l.
207 2301 245 2349 Cf.
264 2300 349 2350 Probi.
369 2306 418 2352 ΚΘ.
438 2303 475 2350 ll.
494 2303 539 2349 952
555 2302 632 2350 b28:
655 2306 703 2351 οἷον
723 2303 762 2352 ἐὰν
777 2307 819 2365 μέν
833 2323 868 2361 τις
888 2303 994 2367 ἄρχοντα
1014 2313 1089 2362 κακῶς
1109 2305 1172 2366 εἴπῃ,

131 2386 225 2445 pipella
239 2389 270 2431 τὰ
285 2383 404 2445 ἐπιτίμια,
420 2384 458 2432 ἐὰν
470 2383 494 2431 δέ
505 2403 540 2439 τις
556 2383 661 2440 ἰδιώτην,
676 2384 749 2432 οὐδέν·
765 2389 804 2432 ναὶ
815 2387 898 2442 καλῶς·
916 2386 991 2433 οἴεται
1012 2391 1058 2447 γὰρ
1074 2389 1127 2433 τότε
1147 2385 1172 2433 οὗ

132 2468 203 2525 μόνον
215 2468 246 2520 εἰς
258 2469 297 2512 τὸν
311 2463 416 2527 ἄρχοντα
429 2465 599 2526 ἐξαμαρτάνειν
612 2471 651 2512 τὸν
665 2470 848 2528 κατηγοροῦντα,
868 2467 926 2514 ἀλλὰ
947 2471 986 2514 καὶ
1000 2472 1030 2522 εἰς
1047 2472 1089 2519 τὴν
1107 2468 1174 2514 πόλιν

132 2545 243 2608 ὐῧρίζειν.
256 2551 301 2593 Τὸν
316 2545 386 2594 αὐτὸν
404 2545 431 2592 δὲ’
442 2551 527 2606 τρόπον
547 2551 586 2594 καὶ
607 2552 646 2593 τὸν
668 2550 690 2592 ὲν
708 2555 741 2609 τῷ
765 2548 840 2608 λιμένι
864 2549 992 2595 κλέπτοντα
1012 2547 1037 2594 cir
1052 2551 1120 2608 μόνον
1134 2553 1174 2595 τὸν

132 2625 229 2680 ἰδιώτην
243 2624 364 2686 βλάπτειν,
379 2627 437 2675 ἀλλὰ
454 2629 494 2675 καὶ
507 2632 549 2680 τὴν
564 2629 630 2675 πόλιν
645 2629 772 2688 αἰσχύνειν.
788 2652 817 2661 -
842 2627 871 2674 Ι).
885 2625 978 2674 Thom.
1003 2626 1071 2688 Aqu.
1092 2625 1173 2687 (dila,

132 2706 164 2755 V.
180 2705 208 2753 L.
227 2705 295 2767 Vlll‚
308 2706 354 2767 §d)
363 2705 401 2754 sic
413 2705 548 2768 loquitur:
564 2722 579 2751 ιι
594 2705 801 2769 ...Philosophus
813 2704 916 2756 dixerat
929 2705 1001 2768 quod
1011 2706 1039 2753 in
1051 2719 1174 2755 commu-

132 2785 217 2834 tativa
230 2785 334 2848 justitia
349 2786 391 2834 lex
406 2785 554 2835 attenditur
569 2785 657 2835 solum
671 2786 704 2835 ad
716 2785 894 2835 differentiam
907 2785 1073 2834 nocumenti.
1089 2786 1175 2835 Mani-

133 2865 232 2915 festum
246 2868 285 2914 est
300 2868 388 2915 autem
403 2866 475 2928 quod
490 2865 599 2928 quando
613 2868 807 2915 nocumentum
820 2866 936 2915 attendit
952 2866 1023 2914 circa
1038 2866 1174 2914 substrac-

133 2945 235 2994 tionem
251 2945 291 2994 rei
305 2947 453 3004 exterioris,
467 2948 533 3009 puta
547 2947 676 3009 pecuniae,
691 2959 747 2996 non
762 2946 882 2995 variatur
892 2945 1007 3008 qualitas
1018 2945 1175 2994 nocumenti

134 3024 284 3074 secundum
307 3025 440 3074 diversam
460 3026 644 3075 conditionem
671 3037 803 3090 personne,
821 3025 866 3074 sed
893 3026 1000 3087 quaudo
1027 3028 1067 3074 est
1088 3039 1174 3074 nocu-

135 3109 257 3155 mentum
271 3106 412 3171 personalc
427 3110 492 3156 tunc
507 3119 618 3156 necesse
635 3109 675 3155 est
688 3107 759 3169 quod
771 3106 908 3169 quantitas
921 3105 1076 3154 nocumenti
1090 3104 1176 3153 diver-

134 3186 255 3236 sificetur
270 3186 418 3235 secundum
432 3185 614 3235 conditionem
630 3200 761 3250 personna.
776 3186 949 3235 Manifestum
964 3188 1005 3233 cst
1020 3185 1089 3234 enim
1102 3185 1175 3249 quod

134 3268 224 3329 majus
239 3269 280 3315 est
295 3269 490 3315 nocumentum
502 3265 610 3328 quando
625 3266 723 3329 aliquis
739 3267 855 3330 percutit
869 3265 1029 3329 principem,
1045 3278 1093 3328 per
1104 3267 1174 3327 qnod

134 3359 191 3396 non
209 3345 292 3394 solam
309 3360 452 3410 personam
468 3346 553 3411 ipsius
569 3346 616 3395 sed
632 3349 715 3396 totam
737 3346 933 3410 rempublicam
959 3345 1040 3406 hedit,
1058 3358 1139 3407 quam
1156 3345 1178 3393 si

135 3425 254 3491 percutit
268 3425 385 3488 aliquam
400 3426 533 3490 privatam
548 3439 701 3490 personam.
714 3444 726 3473 ν
738 3454 769 3463 -
780 3428 815 3475 At
824 3426 870 3475 illa
884 3426 1038 3489 explanatio
1054 3425 1177 3488 quaedam

136 3506 253 3555 obscura
267 3505 414 3570 relinquit:
429 3519 492 3555 nam
508 3519 563 3555 non
580 3507 665 3570 magis
679 3506 796 3570 aliquem
809 3507 882 3556 laedit
894 3506 916 3554 is
931 3505 977 3568 qni
992 3505 1084 3554 volens
1097 3518 1178 3567 quam

136 3587 160 3634 is
175 3586 222 3648 qui
236 3583 332 3635 nolens
346 3600 408 3635 eum
425 3587 559 3650 percutit:
574 3587 675 3636 frustra
687 3587 833 3649 quaerimus
849 3586 882 3634 ab
895 3585 1028 3648 Aquinate
1044 3598 1093 3633 cur
1105 3585 1181 3633 Aris-

136 3667 233 3716 toteles
249 3667 403 3730 scripserit:
434 3669 468 3716 ἔτι
482 3674 508 3716 τὸ
522 3670 625 3718 ἑκούσιον
643 3674 683 3717 καὶ
702 3675 729 3717 τὸ
745 3669 852 3718 ἀκούσιον
868 3667 972 3732 διαφέρει
992 3669 1059 3715 πολὺ.
1081 3665 1181 3713 Deinde

137 3745 306 3795 Problemata
328 3759 378 3796 nos
399 3749 512 3796 monent
530 3746 606 3796 illum
621 3747 697 3811 gravi
717 3760 799 3811 poena
823 3746 932 3796 multari
953 3746 999 3808 qui
1019 3758 1074 3794 non
1094 3744 1180 3793 solnm

136 3829 332 3876 nocumentum
350 3827 492 3878 sedetiam
510 3827 650 3877 infamiam
667 3828 770 3877 civitati
782 3827 911 3877 intulerit.
929 3825 989 3874 llaec
1003 3824 1101 3886 omnia,
1118 3838 1180 3873 cnm

137 3905 315 3969 intelligimus
330 3919 438 3970 poenarn
450 3907 537 3970 adjus
552 3907 755 3957 distributivum
769 3907 915 3972 pertinere,
927 3917 1017 3956 nonne
1033 3904 1098 3954 satis
1110 3903 1183 3954 clara

139 3999 200 4037 esse
215 3985 361 4038 videntur?
404 4026 406 4031 .

1023 4096 1039 4150 3
