2948 5212
337 576 375 636 50
616 591 650 630 ur
672 588 792 630 susurra
813 589 885 630 apuu
907 587 1095 630 aarsrormru

337 736 430 793 quare
447 734 557 790 eorpus
574 715 685 773 civium
703 733 764 772 nou
781 714 878 773 solum
895 713 1046 772 validum¹
1064 713 1116 772 sed
1132 711 1296 789 pulchrum
1308 716 1374 770 est:

336 823 383 904 [rit
406 825 520 901 σώματα
545 832 601 878 τῶν
625 819 784 900 ἐλευθέρων]
808 818 873 901 ὀρθὰ
900 818 944 879 καὶ
970 818 1091 900 ἄχρηστα
1112 816 1176 898 πρὸς
1193 817 1241 885 tit:
1254 824 1379 884 τοιαύτας

338 929 456 1011 ἐργασίας
469 929 529 1008 (se.
544 930 592 995 τὰς
605 936 658 985 τῶν
672 925 769 985 δούλοιν
785 927 923 1007 ἐργασίας)
939 924 1008 986 ἀλλὰ
1021 928 1145 1006 χρήσιμα
1159 924 1224 1006 πρὸς
1239 924 1380 984 πολιτικὸν

339 1041 396 1117 β,ὀν
407 1039 428 1094 ².
447 1039 513 1095 Non
526 1035 606 1094 tanti
617 1034 722 1093 valent
734 1035 813 1094 vires
823 1035 957 1110 eorporis
966 1033 1074 1108 quanti
1083 1033 1229 1091 fortitudo
1241 1033 1377 1091 animi³t

343 1145 457 1219 primas
472 1146 573 1218 partas
591 1141 719 1199 virtutes
734 1141 839 1199 civiles
855 1144 953 1217 agunt
967 1140 1113 1216 quoniam
1133 1140 1227 1198 vitam
1256 1139 1380 1198 civilem

339 1250 480 1309 homiues
495 1250 596 1306 vivere
613 1248 751 1322 eupiunt.

379 1360 465 1415 Nunc
479 1352 671 1414 materialem
690 1371 815 1412 eausam
832 1357 997 1412 mutemus,
1018 1355 1094 1412 Nam
1110 1348 1192 1411 inter⁴
1208 1351 1278 1412 illos
1300 1351 1380 1411 libe-

337 1483 387 1522 ros
398 1463 539 1521 homiues
550 1461 600 1536 qui
611 1461 789 1519 societatem
802 1460 883 1518 inter
896 1478 928 1518 se
940 1460 1067 1532 faciunt,
1081 1459 1133 1518 alii
1149 1458 1266 1517 divitiis
1281 1459 1383 1518 abun-

338 1573 423 1640 dant,
450 1568 501 1627 alii
531 1571 656 1626 carent:
689 1567 841 1626 divitesue
866 1566 1053 1641 pauperibus
1080 1565 1284 1641 praepollent?
1303 1567 1381 1641 lpsae

338 1676 450 1735 diviua
481 1674 664 1750 dignitatem
692 1673 868 1731 hominibus
895 1675 1068 1732 conserunt.
1094 1671 1292 1731 Aristotelem
1316 1691 1381 1730 non

341 1783 420 1859 sugit
437 1782 548 1839 divites
565 1780 647 1838 vitiis
665 1780 813 1838 obnoxios
831 1798 917 1839 asse:
936 1779 1096 1854 superbiae
1117 1779 1270 1854 primum:
1288 1777 1381 1860 ὥσπερ

338 1887 387 1968 γ1ιρ
417 1888 522 1967 ἐ’γοντες
559 1885 666 1944 ἅπαντα
695 1888 799 1964 τάγαθὰ
832 1887 901 1945 οὕτω
927 1886 1076 1946 διάκεινται
1089 1885 1110 1958 ⁸,
1139 1885 1250 1944 deinde
1277 1885 1381 1960 injus-

335 1996 429 2053 tiliae:
448 1993 504 2052 ἐπεὶ
520 1996 640 2052 ἀδικοῦσί
653 2017 683 2071 γε
696 1991 730 2051 τὰ
749 1991 863 2072 μέγιστα
877 1995 920 2051 διὰ
940 1994 987 2060 τὰς
1001 1991 1147 2073 ὑπερὸολὰς
1162 1989 1220 2050 ἀλλ’
1234 1990 1266 2049 οὐ
1281 1990 1328 2049 διὰ
1347 1983 1382 2050 τὰ

336 2099 477 2180 ἀναγκαῖα·
488 2101 551 2165 ,οἷον
566 2110 738 2180 τυραννοῦσιν
754 2098 803 2173 οὐχ
820 2100 865 2158 ἵνα
881 2097 918 2178 μὴ
938 2101 1047 2180 ῥιγῶσιν
1059 2100 1080 2168 ⁵,
1100 2102 1258 2174 postremo¹
1273 2096 1380 2157 stulti-

335 2208 404 2267 tiu:
429 2213 472 2265 καὶ
488 2209 522 2273 ὡς
545 2209 571 2266 ἐν
588 2208 735 2286 κεφαλαίῳ,
754 2203 868 2284 ἀνοήτου
888 2205 1043 2283 εὐδαίμονος
1060 2199 1127 2282 ἦθος
1140 2207 1258 2264 πλούτου
1273 2205 1378 2264 ἐστίνθ.

337 2317 440 2389 Neque
471 2313 666 2372 Aristotelem
686 2314 764 2389 sugit
784 2313 899 2372 divitiis
928 2314 1067 2371 homines
1097 2312 1197 2371 ornari
1225 2313 1282 2370 sed
1314 2331 1381 2371 non

337 2420 522 2480 emendam.
542 2423 686 2479 Attamen
702 2423 789 2495 putat
804 2420 928 2479 divitias
945 2417 1106 2478 materiam
1127 2418 1311 2494 ampliorem
1340 2421 1382 2478 ad

336 2529 480 2586 virtutem
497 2527 655 2585 colendam
670 2527 773 2586 auimo
789 2526 941 2601 praebere:
963 2545 1032 2585 cum
1050 2526 1181 2585 enimiis
1199 2527 1290 2584 bonis
1301 2526 1382 2585 divi-

335 2639 382 2693 tes
399 2637 683 2708 lruunturquorum
697 2651 791 2692 causa
822 2651 971 2708 pauperes
995 2633 1112 2708 injusta
1141 2633 1305 2692 admittere
1327 2652 1380 2692 s0-

336 2739 453 2812 leaut⁸,
470 2740 545 2798 vitia
563 2741 701 2814 qrraedam
720 2742 758 2800 ab
783 2740 842 2799 illis
860 2741 1005 2800 vitantur.
1026 2742 1143 2798 Rursus
1161 2756 1197 2798 ea
1213 2740 1381 2814 possident

336 2847 447 2924 quibus
466 2851 588 2906 utentes
605 2847 749 2905 virtutem
765 2847 884 2906 facilius
908 2847 1011 2906 colant
1030 2864 1036 2906 :
1058 2845 1176 2927 φαίνεται
1199 2842 1229 2906 δ’
1244 2845 1317 2923 ὅμως
1332 2845 1381 2905 καὶ

368 3123 389 3169 1.
408 3121 440 3169 Ut
461 3134 536 3169 arma
556 3120 626 3169 ferre
649 3121 773 3184 possint:
799 3119 853 3168 Pol.
873 3127 900 3170 Γ.
926 3116 1048 3169 lull-283
1072 3134 1088 3168 a
1110 3121 1155 3168 20:
1179 3121 1244 3168 Ast...
1270 3123 1311 3170 καὶ
1338 3131 1381 3179 τῆς

335 3205 462 3264 πολεμικῆς
475 3203 567 3267 ἀρετῆς,
580 3201 614 3249 cl.
630 3202 660 3249 Λ.
676 3204 698 3250 5.
719 3202 803 3250 12311)
817 3203 855 3253 31,

365 3283 388 3329 2.
408 3278 546 3329 110115.
566 3281 652 3328 1251b
667 3283 705 3330 29.
724 3281 754 3330 Cf
777 3282 849 3331 useel.
869 3282 900 3330 A.
917 3283 939 3330 5.
958 3283 1015 3330 1361
1029 3294 1044 3329 a
1059 3282 1082 3342 2,
1097 3280 1145 3329 h3.

365 3363 387 3410 3.
406 3360 480 3409 fluet.
497 3360 526 3408 A.
542 3362 565 3409 l.
583 3361 671 3409 13611)
688 3364 727 3412 20.

363 3444 385 3488 A.
404 3439 479 3489 utet.
495 3441 523 3489 B.
543 3444 579 3489 16.
597 3443 740 3491 13991131.

366 3523 388 3568 5.
408 3520 462 3568 rot.
477 3521 505 3568 B.
522 3524 545 3569 7.
563 3523 702 3570 rueram.

365 3602 387 3647 6.
407 3599 481 3648 111161.
498 3600 525 3648 Β.
543 3603 581 3648 16.
599 3602 656 3648 1391
673 3615 688 3649 a
703 3606 739 3650 11.

363 3682 385 3729 l.
404 3679 509 3743 l'ragur.
526 3681 564 3728 89.
581 3681 638 3728 1191
659 3680 676 3728 1)
694 3684 741 3729 36;
760 3687 840 3745 νόμιζε
864 3682 888 3730 δὲ
903 3689 944 3737 τὴν
967 3683 1120 3744 εὐδαιμονίαν
1140 3681 1180 3729 οὐκ
1199 3680 1225 3728 ἐν
1245 3689 1278 3730 τῶ
1299 3682 1382 3732 πολλὰ

331 3764 456 3813 κεκτῆσθαι
471 3765 600 3822 γίγνεσθαι,
619 3761 669 3810 ἀλλ’
685 3764 707 3810 ἐν
719 3772 750 3827 τῷ
765 3771 806 3818 τὴν
819 3770 896 3826 ψυχὴν
912 3761 935 3811 et
951 3764 1098 3822 διακεῖσθαι,
1114 3782 1136 3810 κ.
1148 3781 1170 3811 τ.
1184 3764 1206 3810 λ.

361 3840 383 3887 8.
402 3839 456 3887 Pol.
472 3841 490 3886 Z
505 3841 541 3903 (Δ)
557 3843 579 3890 8,
597 3843 656 3890 1293
667 3842 693 3892 h.
710 3845 756 3891 38:
775 3845 849 3893 ἔτιδὲ
867 3845 971 3894 δοκοῦσιν
984 3845 1046 3906 ἔχειν
1060 3848 1081 3894 οἱ
1099 3842 1194 3909 εὔποροι
1214 3843 1244 3890 ὧν
1257 3840 1335 3892 ἕνεκεν
1352 3847 1376 3894 οἱ

332 3919 464 3976 οόικοῡνῑες
479 3921 608 3970 &tuom
