2948 5212
217 651 253 713 32
496 665 531 706 DE
552 663 673 708 Jusrrrra
696 664 766 706 APUD
789 665 976 709 Aarsroratuu

216 796 298 853 inter
321 793 404 850 cives
430 809 493 848 non
521 791 759 850 dividerentur?
786 791 852 861 Quo
872 792 972 868 magis
998 790 1076 850 alter
1106 791 1258 868 dignitate

217 903 350 977 praestat,
362 916 396 957 eo
404 898 553 973 majorem
567 897 844 972 bonorumcopiam
856 896 920 976 (vel
928 898 1079 957 minorem
1091 896 1258 976 malorum)

217 1006 424 1082 comparabit:
437 1023 510 1063 nam
523 1005 602 1063 inter
617 1005 697 1076 bona
713 1004 793 1062 mala
809 1005 928 1063 minora
941 1005 1103 1079 ponimus:
1117 1006 1144 1063 ἐν
1157 1001 1259 1084 ἀγαθοῦ

214 1117 264 1194 γὰρ
281 1111 352 1193 λόγῳ
374 1119 492 1190 γίγνεται
520 1109 550 1169 τὸ
570 1112 682 1169 ’έλαττον
701 1110 780 1169 κοικδν
799 1109 862 1191 πρὸς
877 1109 908 1169 τὸ
928 1114 1018 1189 μεῖζον
1039 1109 1153 1170 κακόνέ.
1174 1111 1259 1170 Alter

213 1237 328 1291 rursus,
349 1237 408 1293 quo
427 1217 553 1276 minoris
569 1217 726 1288 valeat‚eo
744 1218 894 1276 minorem
908 1218 1058 1276 bonorum
1077 1216 1142 1297 (vel
1155 1218 1256 1293 majo-

213 1346 278 1386 rem
292 1323 459 1404 malorum)
479 1323 599 1399 copiam
615 1324 806 1398 comparabit
824 1341 830 1382 :
851 1342 924 1382 num
942 1325 1060 1383 minora
1076 1323 1158 1383 mala
1175 1324 1258 1383 bona

216 1450 373 1492 vocamus,
389 1432 433 1489 Ad
445 1431 498 1504 jus
512 1429 741 1488 distributivum
755 1430 808 1504 jus
823 1430 943 1505 poenale
962 1432 1101 1489 refertur.

254 1541 310 1599 lus
340 1537 460 1614 poenale
486 1537 591 1611 ajure
616 1536 812 1595 distributivo
840 1537 1013 1611 discrepare
1042 1537 1167 1612 quidam
1191 1537 1260 1595 ideo

214 1647 402 1707 arbitrantur
417 1644 499 1718 quia,
513 1661 582 1701 curn
596 1643 650 1717 jus
665 1643 896 1702 distributivum
911 1662 965 1718 pro
976 1643 1129 1720 dignitate
1142 1643 1258 1702 civium

215 1754 365 1811 intereos
391 1749 564 1809 communia
587 1749 714 1820 dividat,
735 1750 787 1824 jus
811 1750 931 1824 poenale
957 1749 1120 1826 dignitatis
1143 1750 1261 1809 civium

215 1859 355 1919 oblivisci
368 1857 502 1916 videtur:
520 1854 592 1915 οὐδὲν
607 1853 656 1935 γὰρ
667 1855 792 1938 διαφέρει,
808 1856 829 1914 εἱ
841 1855 960 1932 ἐπιεικὴς
971 1859 1069 1938 φαῦλον
1082 1853 1274 1938 έιπεστέριιοενι

214 1968 231 2036 t]
247 1967 346 2047 φαῦλος
361 1967 472 2041 ἐπιεικῆ,
489 1963 542 2022 οὐδ’
558 1963 579 2022 εἱ
595 1965 748 2040 έμοῖχευοεν
762 1962 884 2039 ἐπιεικὴς
898 1964 914 2034 t}
930 1965 1025 2044 φαῦλος
1036 1965 1057 2021 ².
1067 1963 1260 2040 Dignitatem

218 2071 330 2130 civium
342 2071 395 2145 jus
414 2069 618 2128 correctivum
650 2070 877 2144 pretermittit:
898 2088 952 2128 cur
976 2069 1070 2146 igitur
1097 2087 1207 2144 poenas
1230 2071 1263 2128 in

212 2179 282 2253 jure
307 2177 502 2236 distributivo
529 2194 714 2251 poneremus
730 2177 743 2234 ‘l
762 2211 798 2219 -
814 2176 873 2236 Sed
888 2177 926 2236 ad
941 2177 1089 2236 damnum
1103 2177 1263 2236 aestiman-

215 2288 299 2358 dum,
333 2303 394 2343 nou
426 2285 462 2343 ad
492 2301 614 2358 poenam
649 2283 896 2342 constituendam
926 2283 1061 2361 dignitas
1096 2282 1262 2342 hominum

217 2392 387 2451 omittitur:
406 2389 469 2471 πρὸς
491 2395 538 2450 τοῦ
557 2391 669 2470 βλέδοιις
693 2389 743 2466 τὴν
768 2391 893 2471 διαφορὰν
910 2389 986 2469 μόνον
1003 2389 1095 2470 βλέπει
1113 2396 1127 2447 'o
1144 2388 1259 2469 νόμοςθ.

218 2499 287 2557 Pari
309 2499 390 2556 enim
419 2498 571 2557 honorum
598 2501 696 2572 parte,
718 2497 781 2556 rita
802 2498 919 2560 scilicet
943 2497 991 2556 vel
1020 2495 1158 2568 muliere,
1182 2497 1263 2556 alter

216 2606 356 2676 alterum,
366 2623 419 2663 seu
431 2604 577 2679 patricius
587 2604 739 2679 plebeium
752 2622 805 2664 seu
817 2605 954 2679 plebeius
971 2604 1134 2679 patricium
1141 2603 1259 2680 spolia-

218 2712 261 2770 vit
288 2729 293 2770 :
328 2728 432 2785 parem
466 2711 560 2786 igitur
594 2711 745 2770 bonorum
778 2716 898 2786 partem
937 2715 1064 2786 uterque
1100 2710 1258 2770 restituat.

219 2818 305 2888 Quod
324 2817 349 2875 si
374 2835 444 2876 vero
463 2818 499 2875 de
521 2817 619 2892 poenis
634 2836 774 2894 agamus,
792 2818 973 2894 dignitatem
984 2817 1144 2875 hominum
1161 2817 1260 2892 respi-

218 2925 336 2983 ciamus
350 2942 355 2982 :
370 2923 391 2981 εἰ
402 2921 488 3005 ἀρχὴν
504 2925 576 3002 ’έχων
590 2923 730 2998 ἐπάταξεν,
748 2923 777 2983 οὐ
786 2927 825 2983 δεῖ
839 2922 1043 3001 ἁντιπληγῆναι,
1055 2923 1099 2982 καὶ
1110 2925 1133 2984 εἱ
1144 2925 1261 3002 ἄρχοντα

218 3031 355 3102 ἐπάταξεν,
368 3029 398 3088 οὐ
414 3032 547 3108 πληγῆναι
556 3029 633 3108 μόνον
647 3033 687 3089 δεῖ
695 3027 763 3089 &tlt
773 3037 816 3089 καὶ
826 3031 985 3101 κολασθῆναι
997 3032 1017 3088 ⁴.
1031 3031 1148 3102 Quibus
1157 3031 1260 3090 verbis

217 3269 309 3317 uieaut
325 3268 397 3316 civili
412 3267 665 3326 communicatione,
692 3269 748 3317 sive
774 3270 808 3317 sit
832 3269 928 3329 honor,
951 3269 1006 3317 sive
1027 3270 1062 3317 sit
1076 3268 1201 3332 pecunia,
1219 3267 1261 3316 vel

218 3348 345 3410 quicquid
364 3347 436 3396 aliud
454 3348 487 3395 ad
502 3347 574 3396 hono
589 3349 724 3398 exteriora
736 3350 884 3411 pertinens,
900 3349 1028 3398 ueletiam
1042 3348 1077 3397 ad
1091 3348 1173 3410 ιιιαὶιι,
1191 3348 1262 3397 sicut

218 3427 303 3478 labor.
318 3440 451 3490 expensae,
463 3430 488 3474 et
501 3426 606 3476 similia.
623 3446 636 3472 »

250 3511 272 3555 1.
291 3506 351 3555 nrt.
369 3506 426 3554 Ntc.
443 3507 470 3554 E.
491 3508 513 3554 l.
533 3508 591 3554 ll3l
608 3507 674 3555 huo.

249 3590 272 3635 2.
290 3587 366 3647 laist,
385 3588 444 3634 1132
460 3589 510 3634 οἳ.

250 3671 272 3716 a.
292 3667 364 3728 uta,
379 3669 401 3715 ι.
419 3667 542 3715 113211,

249 3752 271 3796 4.
289 3747 366 3798 rota..
380 3748 402 3794 8.
417 3748 476 3794 1132
492 3746 509 3793 1)
524 3748 603 3795 284111.
615 3748 651 3796 Cf.
664 3750 761 3811 Mupnu
772 3748 891 3810 Mortalia,
904 3753 932 3798 Α.
946 3752 983 3797 33.
1003 3751 1061 3796 1191
1074 3763 1089 3796 a
1102 3750 1130 3796 31
1144 3763 1150 3793 :
1168 3747 1193 3796 οὐ
1212 3753 1262 3810 γὰρ

220 3829 317 3884 δίκαιον,
332 3830 355 3876 εἴ
371 3849 406 3885 τις
421 3829 462 3876 τὸν
482 3827 599 3890 ὀφθαλμὸν
616 3830 718 3892 ἐξέκοψεν
732 3835 802 3887 τινος,
816 3833 986 3884 ἀντενκοπῆνοιι
996 3835 1083 3893 μόνον,
1094 3831 1152 3877 ἀλλὰ
1165 3830 1260 3877 πλείονα

219 3915 300 3958 παθεῖν
325 3911 514 3962 ἀκολουθήσαντα
536 3916 565 3970 τῇ
589 3911 755 3973 ἀναλογιοιναὶ
784 3918 830 3976 γὰρ
858 3910 915 3974 ἦρξε
936 3917 1047 3975 πρότερος
1071 3916 1111 3959 ναὶ
1141 3908 1259 3962 ἠδίκησεν.

221 3990 303 4050 Quom
320 3990 406 4039 locum
424 3999 479 4036 non
492 3987 664 4039 laudaremus
679 3991 731 4039 uisi
744 3991 815 4040 huuc
830 3991 890 4040 uta.
901 3992 955 4040 Nic.
971 3991 1134 4054 explanaret,
1151 3985 1260 4037 diverso
