2948 5212
248 707 283 747 DE
304 705 449 747 urumrtrfi
472 706 503 746 ΕΤ
524 705 716 760 ΙΝΒΙΟΝΙΤΑΤΕζ
742 708 775 748 DE
797 707 915 747 PRAEMIIS
938 707 969 748 ΕΤ
990 708 1083 749 POEn'ls
1145 690 1182 748 57

146 830 332 906 peculiarem
359 829 435 907 agit,
467 831 493 890 is
518 830 550 889 in
572 831 746 890 inferiorem
771 831 907 889 ordinem
931 830 1103 911 dejiciatur.
1129 832 1183 891 His

147 937 279 1012 praemiis
295 937 392 996 bonos
409 939 660 1010 remunerandos,
678 938 725 997 his
742 938 839 1013 poenis
857 956 967 1012 pravos
987 939 1183 1016 castigandos

145 1062 215 1103 esse
228 1044 407 1103 Aristoteles
422 1047 520 1103 docet.

187 1153 303 1210 Horum
319 1151 514 1227 premiorum
531 1153 701 1227 harumque
726 1171 884 1228 poenarnm
907 1154 1020 1229 gradus
1042 1153 1181 1212 conside-

78 1261 82 1266 '
116 1330 118 1332 Ι
143 1277 258 1318 remus.

122 1369 123 1372 ’
187 1364 295 1426 Omnis
312 1367 415 1438 homo,
435 1366 524 1424 mode
546 1365 608 1425 vita
620 1371 713 1441 prave
729 1386 790 1426 non
808 1369 923 1442 utatur,
941 1366 1052 1442 dignus
1068 1367 1182 1441 estqui

144 1472 240 1531 vivat.
256 1496 269 1526 «
285 1474 577 1548 Antequamsensus
588 1473 663 1532 insit
674 1477 704 1532 et
715 1474 776 1532 vita
791 1497 806 1527 i
823 1474 964 1533 abortum
976 1472 1179 1545 interrelieet‚

148 1581 203 1639 sed
225 1579 283 1638 hoe
308 1584 415 1655 postea
442 1581 594 1639 vetatur¹.
619 1583 679 1639 Res
704 1580 799 1639 animi
823 1584 962 1655 expertes
990 1580 1109 1638 nullum
1128 1581 1180 1656 jus

145 1687 279 1746 habent:
297 1685 346 1745 οὐκ
364 1686 434 1746 ’ἐστιν
453 1685 517 1766 πρὸς
536 1689 570 1746 τὰ
591 1686 718 1768 ἄψυχα...
741 1687 855 1745 δι’καιον.
876 1688 936 1747 Sed
953 1687 1006 1761 jus
1027 1687 1178 1762 quoddam

142 1794 240 1852 habet
256 1793 357 1852 omnis
379 1794 470 1852 homo
492 1793 563 1869 quia
588 1794 766 1853 nominatur
781 1795 890 1853 home:
910 1797 981 1853 δοκεῖ
997 1792 1046 1873 rip
1071 1792 1142 1852 εἶναι’
1152 1818 1178 1853 τι

143 1900 242 1960 δίκαιον
257 1899 333 1959 παντὶ
348 1902 478 1981 ἀνθρώπῳ
491 1900 554 1980 πρὸς
568 1902 655 1961 πάντα
662 1899 707 1959 τὸν
720 1902 862 1980 δυνάμενον
869 1911 1029 1980 κοινωνῆσαι
1047 1898 1126 1980 νόμου
1136 1907 1179 1959 καὶ

142 2009 313 2085 συνθήκης...
338 2006 398 2067 καθ’
420 2005 479 2067 ὅσον
503 2006 670 2088 ἄνθρωποςῖ.
697 1995 803 2068 Nonne
832 2009 880 2066 his
903 2008 979 2067 loeis
1001 2007 1179 2068 Aristoteles

145 2116 208 2174 haee
224 2115 294 2190 jura
309 2115 435 2191 agnovit
448 2134 513 2190 quae
531 2138 545 2170 «
558 2115 631 2190 jura·
645 2115 778 2174 hominis
795 2139 809 2170 ›>
837 2134 981 2175 vocamus
999 2115 1046 2174 vel
1069 2115 1178 2175 saltem

143 2221 231 2281 exiis
250 2240 343 2280 unum
362 2223 443 2296 quod
460 2245 475 2275 «
488 2221 540 2296 jus
556 2224 712 2281 servandae
729 2222 798 2281 vitae
816 2245 831 2277 ›>
845 2224 855 2256 ³
869 2222 1003 2281 dieitur?

185 2329 267 2387 Inter
296 2327 436 2387 homines
467 2329 491 2386 si
523 2328 647 2403 quidam
676 2329 718 2387 ita
746 2334 856 2388 natura
890 2328 1117 2388 constituantur
1144 2333 1178 2388 ut

142 2435 270 2494 alterius
291 2435 449 2494 voluntate
474 2440 630 2513 reguntur,
656 2436 776 2510 justum
801 2438 848 2494 est
875 2453 927 2494 ees
952 2434 1076 2494 servire.
1101 2437 1178 2495 Nam

142 2540 320 2602 Aristoteles
336 2560 405 2600 eum
420 2546 503 2602 vetat
518 2560 570 2602 eos
586 2542 617 2600 in
633 2542 812 2601 servitutem
825 2542 855 2600 vi
867 2541 965 2618 redigi
978 2560 1054 2617 quos
1067 2546 1177 2602 natura

141 2649 251 2725 dignos
266 2649 407 2709 libertate
422 2649 601 2720 creaverit⁴‚
619 2654 685 2708 tum
703 2649 811 2708 suadet
825 2653 859 2707 ut
874 2667 926 2708 eos
943 2667 1088 2708 venemur
1100 2666 1177 2725 quos

141 2761 252 2814 natura
267 2755 409 2814 libertate
432 2756 575 2833 indignos
598 2757 707 2815 teeit⁵:
725 2756 777 2831 qui
793 2756 872 2814 servi
888 2755 971 2814 nullo
984 2756 1053 2831 jure
1069 2758 1176 2815 fruun-

141 2863 223 2920 tur⁶.
241 2862 273 2921 Si
286 2866 390 2921 tamen
405 2863 537 2921 dominis
559 2881 620 2921 non
638 2864 860 2938 obtemperent,
888 2863 951 2922 nuli
973 2864 1095 2922 eredere
1124 2881 1176 2923 eos

47 3030 58 3045 .
141 2969 273 3028 dominis
288 2970 393 3028 statim
408 2969 592 3028 occidendos
608 2969 655 3028 vel
677 2970 781 3028 statim
802 2970 1006 3029 verberandos
1027 2988 1105 3029 esse.
1122 2970 1176 3030 His

140 3079 176 3135 ut
209 3076 420 3136 instrumentis
447 3077 589 3135 dominus
618 3076 738 3147 utitur;
767 3077 823 3135 hos
848 3081 883 3135 ut
906 3077 1110 3136 instrumenta
1132 3076 1174 3136 ite

139 3182 284 3242 deminus
299 3184 460 3260 effringere
482 3187 596 3259 potest;
614 3185 667 3242 sed
680 3183 758 3242 servi
784 3202 846 3242 non
870 3183 967 3243 solum
997 3185 1100 3251 anime
1122 3184 1174 3243 sed

140 3289 235 3348 etiam
250 3290 367 3349 ratione
384 3289 554 3368 (imbecilla
570 3288 708 3369 quidem)
730 3290 846 3365 praediti
870 3295 958 3351 sunt:
984 3291 1088 3367 itaque
1112 3309 1175 3349 non

173 3573 195 3618 1.
213 3569 268 3620 Por.
284 3577 301 3620 Δ
315 3570 359 3633 (ll)
373 3573 410 3619 16.
425 3573 485 3620 1336
500 3571 516 3619 b
530 3572 570 3619 21.

170 3652 193 3698 2.
214 3650 275 3700 Eth.
290 3651 346 3699 Nic.
361 3655 389 3701 Θ.
407 3653 445 3708 13,
463 3653 519 3700 1161
532 3650 549 3698 1)
562 3652 586 3708 2,
601 3650 650 3698 68.

171 3733 193 3779 3.
212 3730 310 3779 Gallice
327 3747 338 3778 n
355 3729 425 3779 droit
439 3731 455 3779 et
469 3729 620 3780 l'existence
634 3747 656 3778 ».

170 3813 193 3858 1.
212 3809 310 3859 roan.
327 3813 350 3859 6.
368 3812 426 3859 1266
442 3826 457 3859 a
472 3813 494 3869 5,
512 3813 540 3859 12
555 3823 615 3873 sqq.

170 3893 193 3938 5.
212 3889 265 3939 Pol.
282 3890 311 3939 Α.
328 3892 351 3940 8.
367 3892 426 3939 1266
444 3892 461 3940 1)
476 3893 514 3940 23.

169 3972 193 4018 6.
211 3969 274 4019 ute.
289 3970 345 4019 Nic.
362 3976 390 4022 Θ.
413 3973 449 4019 13.
469 3973 526 4019 1161
543 3973 618 4020 ³31:
682 3972 734 4021 οὐδὲ
753 3972 800 4037 γὰρ
823 3971 921 4022 δίκαιον·
942 3973 993 4022 ἀλλ’
1013 3977 1060 4024 οἷον
1082 3986 1174 4040 τεχνίτῃ

137 4052 199 4116 πρὸς
211 4051 308 4116 ὄργανον
324 4055 364 4102 καὶ
380 4059 441 4116 ψυχῇ
459 4054 519 4118 πρὸς
532 4061 601 4115 σῶμα
618 4056 658 4102 καὶ
672 4053 772 4117 δεσπότῃ
787 4055 847 4118 πρὸς
863 4054 973 4103 δοῦλον...
