2946 5130
214 594 251 635 oa
270 591 417 634 oronnam
438 591 470 633 nr
491 589 683 642 mardrinum
707 590 741 630 aa
763 590 881 632 rannus
903 591 935 632 ar
957 590 1050 632 roaurs
1112 572 1149 632 to

110 721 173 779 est.
191 717 251 778 Sed
266 717 349 777 inter
365 716 518 792 ingenuos
533 713 676 773 homines
694 714 806 790 gradus
822 715 970 789 quosdam
1000 715 1150 774 discerni-

110 843 186 884 mus
205 842 212 883 :
230 833 317 882 mens
328 822 409 882 euim
422 822 516 880 finem
527 822 565 880 ad
581 838 674 896 quem
693 820 792 898 pergit
809 825 876 879 tum
894 821 986 894 clare,
1006 825 1072 880 turn
1095 822 1150 881 ob-

113 916 206 992 seu're
220 929 365 1006 percipit3
384 929 464 987 vires
479 930 583 986 autem
598 931 664 985 turn
680 929 803 1000 adsunt,
827 930 893 986 turn
911 928 1059 1007 deficiunt
1073 933 1108 988 ut
1121 930 1152 987 id

114 1012 270 1098 efficiatur
284 1036 365 1112 quod
383 1039 448 1094 erat
465 1034 666 1111 propositum.
684 1035 720 1093 Et
730 1034 802 1109 quia
812 1052 979 1109 puerorum
993 1036 1153 1111 imperiec-

114 1150 169 1206 tus
184 1142 357 1203 intellectus
371 1140 399 1199 id
419 1140 581 1216 quodvult
612 1142 712 1200 facere
728 1142 838 1214 nescit,
855 1142 1019 1202 mulierum
1046 1147 1150 1202 autem

115 1251 245 1312 inermis
260 1248 436 1308 intellectus
461 1247 493 1305 id
507 1247 589 1322 quod
604 1246 669 1305 vult
686 1249 786 1307 tacere
813 1249 931 1324 nequit,
955 1249 1022 1308 ideo
1052 1251 1153 1309 minor

92 1417 97 1424 ,
117 1363 168 1419 est
183 1351 345 1433 puerorum
355 1358 385 1414 et
400 1353 562 1412 mulierum
573 1372 666 1428 quarn
681 1354 814 1413 virorum
828 1355 962 1432 dignitas
973 1357 994 1414 ¹.
1013 1357 1054 1417 Ut
1062 1375 1156 1416 causa

117 1462 289 1525 materialis
305 1465 335 1521 ‘et
348 1479 441 1520 causa
455 1460 591 1520 formalis
610 1461 651 1519 ita
665 1461 825 1520 variantur
835 1463 949 1539 gradus
980 1463 1153 1540 dignitatis.

161 1572 236 1632 Cum
252 1586 346 1628 eausa
375 1566 501 1643 *formali
529 1566 620 1626 simul
638 1585 732 1627 causa
762 1569 864 1628 finalis
890 1573 1052 1629 mutatur:
1082 1588 1155 1629 narn

117 1680 216 1739 finem
230 1694 316 1735 mens
330 1673 410 1754 (sive
426 1671 539 1753 torma)
563 1673 621 1732 sibi
642 1675 812 1734 constituit.
830 1676 929 1746 Quem
948 1695 1020 1736 vero
1040 1677 1155 1736 fiuem‘t

119 1786 211 1845 Hunc
229 1800 321 1859 quem
337 1780 497 1840 hominum
525 1780 682 1856 proprium
706 1799 774 1841 esse
798 1781 978 1843 Aristoteles
1008 1784 1154 1845 dictitat:

119 1909 194 1951 nam
204 1885 365 1969 cum-ptest
380 1885 517 1946 πολιτικὸν
535 1893 548 1946 t
563 1885 719 1970 cbtporoc2
737 1889 786 1961 sit,
807 1891 927 1966 propria
943 1892 1077 1952 hominis
1092 1895 1156 1954 vita

120 1997 221 2057 civilis
230 2000 287 2056 est.
300 1995 365 2067 Quo
379 1994 514 2071 aptiores
528 1995 566 2053 ad
580 2012 645 2053 rem
656 1995 811 2070 publicam
820 1999 987 2073 gerendam
998 1999 1054 2058 viri
1065 1999 1155 2060 liberi

121 2108 206 2177 sunt,
221 2121 257 2162 eo
277 2101 427 2176 majorem
440 2105 675 2188 ‘consequuntur
700 2102 896 2179 dignitatem.
912 2105 1017 2176 Quam.
1037 2108 1075 2167 ob
1093 2126 1157 2167 rem

120 2231 186 2272 non
201 2209 300 2270 sotum
315 2208 410 2268 animi
420 2188 550 2268 virtutes
566 2209 618 2268 sed
634 2210 728 2293 etiarn
743 2213 868 2271 externa
897 2213 976 2272 bona
992 2215 1156 2290 requirun-

121 2323 183 2378 tur.
198 2319 275 2378 Nam
289 2316 429 2375 utrebus
447 2315 577 2391 publicis
606 2334 729 2391 operam
753 2335 841 2376 suam
869 2319 953 2392 dent,
982 2320 1064 2380 cives
1096 2323 1159 2381 otio

123 2425 183 2484 frui
192 2425 306 2484 debent
319 2421 466 2502 (μηδεμίαν
477 2422 628 2503 ἐργάζεσθαι
637 2423 766 2503 βάναυσον
774 2421 866 2498 τέχνην
877 2424 903 2505 ³)
914 2443 920 2499 ;
933 2431 968 2486 ut
983 2410 1053 2487 vero
1062 2429 1158 2490 otium

122 2532 260 2592 habeant
279 2529 360 2589 cives
378 2547 442 2588 rem
459 2529 615 2613 possidere
630 2529 764 2590 debent:
785 2530 810 2600 ἐξ
834 2528 921 2612 ἀρχῆς
936 2531 987 2613 γὰρ
1002 2533 1083 2593 τοῦθ’
1098 2542 1160 2617 ὁρᾶν

124 2637 181 2699 ἐστὶ
195 2648 249 2696 τῶν
264 2634 491 2715 ἀναγκαιοτάτων,
504 2633 575 2703 ὅπως
587 2642 612 2695 ot
626 2634 758 2717 itinerator
776 2635 900 2697 δύνωνται
919 2641 1097 2721 aspidica...
1120 2645 1162 2703 δεῖ

125 2743 233 2825 βλέπειν
250 2743 294 2804 καὶ
310 2740 374 2825 πρὸς
388 2740 509 2822 εὐπορίαν
523 2743 600 2824 χάριν
623 2745 753 2824 epotis&
779 2745 916 2821 Denique
948 2765 1073 2824 corpore
1104 2768 1160 2810 suo

123 2871 186 2911 non
201 2850 300 2911 solum
315 2850 353 2909 ad
370 2849 574 2909 necessitates
591 2850 659 2909 vitae
691 2851 896 2911 sublevandas
919 2855 973 2912 sed
1000 2856 1095 2915 etiam
1121 2859 1159 2916 ad

125 2957 291 3017 utilitatem
324 2955 458 3015 civitatis
488 2958 728 3032 promovendam
757 2958 883 3036 ingenui
911 2960 966 3019 viri
993 2965 1122 3022 utuntur
1154 2982 1160 3024 :

126 3274 273 3327 Menschen
287 3275 385 3324 beruht
395 3275 443 3325 aut
453 3275 554 3325 seinem
563 3276 667 3326 Zweek.
681 3293 692 3323 »
707 3277 833 3329 Attamen
849 3279 966 3344 dignitas
978 3283 1097 3334 bominis
1108 3300 1163 3337 non

127 3356 216 3406 solum
232 3367 339 3404 ecausa
353 3354 426 3404 finali
439 3355 485 3404 sed
501 3371 533 3404 ex
548 3356 680 3406 efficiente
693 3371 774 3407 causa
788 3373 895 3409 necnon
908 3376 921 3410 e
938 3365 1050 3414 materia
1064 3365 1164 3416 tornia-

128 3450 182 3500 que
196 3434 305 3499 pendet.

161 3518 184 3564 1.
200 3513 258 3564 Pol.
271 3515 301 3563 A.
316 3515 344 3562 13
370 3516 455 3564 126οᾶ
471 3517 516 3564 12:
533 3520 544 3566 ὁ
561 3518 663 3584 μὲνγὰρ
679 3519 756 3577 δοῦλος
773 3519 830 3578 ὅλως
843 3521 882 3570 οὐκ
895 3522 945 3586 ἔχει
962 3525 990 3574 τὸ
1007 3528 1166 3588 βουλευτικόν,

128 3599 157 3648 sb
171 3597 195 3645 tt
210 3599 266 3650 θῆλυ
279 3596 329 3658 ἔχει
341 3601 392 3658 μὲν,
408 3596 458 3645 ἀλλ’
474 3597 568 3663 ἄκυρον,
584 3602 595 3648 ὁ
611 3599 635 3647 δὲ
652 3611 710 3658 παῖς
729 3601 779 3664 ἔχει
793 3608 846 3664 μὲν,
863 3603 913 3651 ἀλλ’
932 3605 1019 3663 ἀτελές.
1035 3606 1074 3655 Cf.
1089 3607 1167 3658 libet.

129 3678 161 3726 A.
176 3677 199 3724 9.
216 3677 303 3724 13613
316 3677 353 3724 16.

161 3757 186 3804 2.
203 3755 263 3804 uto.
276 3755 331 3804 Nic.
346 3756 375 3804 A.
392 3757 415 3804 5.
432 3758 521 3807 10971)
538 3761 582 3819 11;
599 3759 632 3808 ci.
649 3760 666 3819 1,
685 3762 708 3809 9.
726 3761 813 3809 11691)
832 3763 869 3810 18.

164 3836 187 3884 3.
205 3834 279 3884 anet.
296 3835 326 3884 A.
342 3838 365 3884 9.
381 3837 440 3886 1367
451 3851 466 3886 a
478 3839 518 3887 31.

165 3918 188 3964 1.
207 3914 262 3964 Pol.
278 3916 306 3964 B.
324 3919 361 3964 11.
381 3919 464 3965 tarta
477 3919 515 3966 32.
