2948 5212
265 699 300 740 oa
320 696 465 739 mannam
487 698 519 739 ur
540 697 734 753 iunrounrru3
759 699 794 739 nu
814 697 933 740 rnuuus
957 698 987 740 ar
1008 698 1102 741 rmius
1164 680 1202 740 53
1272 691 1276 695 '

165 841 235 883 cum
251 822 341 899 isqui
356 823 478 882 divitias
489 823 554 898 ipse
566 826 725 898 comparat
735 815 786 882 res
795 822 912 882 alienas
922 823 1059 883 detincre
1072 823 1200 896 videtur,

164 932 231 987 tum
245 928 289 987 illi
307 929 359 1004 qui
374 928 412 987 ab
428 928 651 1004 antiquissimis
664 930 729 987 avis
739 947 803 987 rem
818 929 937 1004 accepit
947 929 1047 1004 ipsam
1059 933 1201 988 naturam

163 1034 287 1093 divitias
301 1035 445 1094 tribuisse
460 1038 603 1108 putares:
621 1033 651 1093 τὸ
666 1031 772 1114 ἀρχαῖον
786 1032 861 1108 ἐγγύς
870 1057 895 1092 τι
910 1034 1027 1115 φαίνεται
1037 1046 1083 1094 τοῦ
1093 1039 1168 1115 φύσει
1179 1037 1200 1093 ¹.

164 1142 329 1202 Patricium
347 1142 441 1220 igitur
457 1141 597 1217 quemvis
613 1142 710 1201 cuivis
728 1141 848 1219 plebeio
861 1160 1034 1218 praeponere
1052 1142 1200 1217 injustum

163 1252 220 1320 est,
240 1249 293 1307 sed
311 1249 397 1324 plura
413 1249 620 1307 instrumenta
635 1249 674 1307 ad
686 1248 829 1307 virtutem
842 1248 1070 1325 adipiscendam
1081 1248 1202 1323 patricii

162 1373 255 1429 quam
272 1354 385 1430 plebeii
400 1373 460 1430 prae
472 1354 616 1413 manibus
627 1355 760 1414 babent:
774 1355 885 1430 quibus
896 1357 1056 1413 cumrcete
1072 1357 1202 1413 utuntur

162 1463 201 1521 ad
212 1480 367 1521 summum
382 1462 480 1521 civilis
497 1461 659 1538 dignitatis
673 1462 803 1538 gradum
816 1461 1009 1537 perveniunt.

201 1569 244 1627 Ad
265 1586 419 1627 summum
439 1569 580 1627 hnmanae
595 1567 755 1644 dignitatis
777 1568 910 1644 ‘gradum
934 1567 960 1626 is
985 1567 1123 1642 pervenit
1145 1568 1195 1642 qui

161 1675 350 1735 dianoeticas
365 1676 492 1735 virtutes
502 1675 585 1734 colit.
595 1675 654 1734 Sed
667 1675 716 1733 bic
727 1693 764 1733 ex
774 1675 909 1733 humano
920 1692 1033 1750 genere
1045 1674 1200 1752 egreditur

160 1782 358 1858 divinamque
372 1782 554 1859 dignitatem
576 1783 763 1856 comparat‘2.
788 1781 902 1841 Omnes
924 1780 1018 1857 igitur
1040 1780 1199 1839 bominum

160 1888 283 1947 ordines
297 1889 335 1947 ab
350 1888 536 1948 animalibus
551 1887 590 1947 ad
603 1887 708 1946 divina
721 1886 981 1946 enumeravimus.

666 2211 693 2268 ll

200 2422 242 2479 De
256 2421 304 2479 bis
321 2420 480 2497 dignitatis
497 2420 644 2498 gradibus
659 2422 797 2496 quadam
816 2421 950 2479 notanda
968 2423 1049 2478 sunt.

200 2528 368 2586 Primum«
393 2530 507 2605 gradus
532 2551 547 2583 2>
571 2531 664 2601 recte,
693 2529 718 2586 si
752 2526 915 2603 possimus
938 2527 1194 2602 interpretemur:

158 2653 231 2694 nam
245 2636 350 2694 nescio
369 2653 408 2694 an
418 2636 571 2712 intelligas
584 2636 722 2695 homines
735 2636 816 2694 inter
827 2654 859 2694 se
874 2635 1083 2712 magnitudine
1099 2634 1197 2711 digni-

157 2742 231 2801 tatis
241 2743 376 2803 dillcrre:
389 2742 689 2814 nonneAristoteles
698 2741 968 2817 utproportionem
976 2741 1195 2818 geometricam

155 2849 234 2925 juris
254 2850 440 2910 distributivi
462 2850 619 2923 scriberet,
643 2867 789 2924 personas
815 2867 869 2925 per
885 2866 1029 2907 numeros
1044 2849 1193 2922 quosdam

157 2958 329 3032 expressit?
350 2976 452 3017 nonne
478 2958 587 3016 merito
608 2958 740 3016 editores
767 2954 938 3016 Aristotelis
965 2955 1134 3014 sententias
1151 2954 1193 3013 ita

157 3063 385 3139 explicaverunt
397 3069 440 3146 ut,
454 3063 702 3142 exempligratia,
716 3063 842 3138 Ajacem
856 3079 909 3136 per
923 3061 952 3133 1,
962 3060 1111 3120 Achillem
1123 3079 1195 3119 vero

157 3188 212 3245 per
227 3168 245 3227 8
260 3170 498 3247 designareut³¹l
512 3172 595 3229 —At
607 3168 710 3229 omnia
724 3169 777 3227 illa
792 3166 1010 3227 mathematica
1021 3165 1194 3243 signanibil

157 3277 217 3336 nisi
232 3277 365 3359 speciem
378 3277 505 3352 justitia
526 3277 649 3353 fingunt
670 3292 769 3351 neque
790 3274 850 3334 illis
865 3273 1043 3333 Aristoteles
1058 3272 1118 3332 nisi
1142 3291 1195 3349 per

157 3383 388 3442 similitudinem
406 3383 511 3442 utitur.
529 3382 647 3443 Summi
665 3381 720 3440 viri
738 3382 920 3460 dignitatem
939 3399 1000 3439 non
1016 3379 1115 3440 solum
1130 3397 1196 3438 ma-

190 3632 211 3677 l.
229 3629 303 3678 nter.
320 3630 348 3678 B.
359 3632 382 3678 9.
400 3630 485 3695 138la
499 3631 535 3677 16.
553 3627 589 3676 Cl.
606 3630 652 3676 25:
669 3627 711 3675 hio
729 3625 884 3674 Aristoteles
897 3624 1013 3688 explicat
1033 3638 1081 3673 our
1094 3625 1192 3688 vulgus

155 3709 279 3758 homines
293 3722 378 3758 novos
397 3709 480 3772 inagis
495 3707 582 3757 oderit
597 3721 676 3770 quarn
692 3709 814 3755 ceteros:
837 3707 912 3756 αἴτιον
924 3705 945 3753 δ’
961 3707 997 3756 ὅτι
1009 3709 1030 3755 οἱ
1043 3710 1085 3767 μὲν
1101 3705 1193 3755 δοκοῦσι

156 3791 187 3840 τὰ
203 3790 278 3839 αὐτῶν
291 3789 361 3852 ἔχειν,
380 3792 400 3839 οἱ
414 3789 434 3838 δ’
448 3788 581 3849 (homines
595 3787 669 3847 novi)
686 3785 721 3837 οὔ·
739 3789 766 3836 τὸ
784 3786 832 3852 γὰρ
848 3789 883 3836 ἀεὶ
901 3784 961 3835 οὓτω
978 3792 1116 3850 φαινόμενον
1131 3787 1194 3850 ἔχειν

156 3872 237 3926 ἀληθὲς
250 3870 322 3923 δοκεῖ,
338 3871 396 3919 ὥστε
410 3873 431 3919 ct
447 3869 522 3935 ἕτεροι
535 3869 561 3918 οὗ
574 3869 605 3918 τὰ
618 3869 694 3918 αὐτῶν
708 3869 779 3930 ἔχειν.

187 3951 210 3998 2.
229 3948 287 3998 litt.
305 3950 361 3998 Nic.
378 3949 408 3998 ll.
425 3952 446 3998 1.
464 3950 549 3996 111ὅᾶ
566 3949 612 3996 19:
673 3950 759 4013 ἀρετὴν
773 3951 877 4013 ἡρωικήν
893 3965 947 3996 τινα
961 3949 1001 3996 καὶ
1020 3951 1114 3996 θείαν...

188 4031 211 4077 3.
230 4029 260 4079 V.
276 4029 399 4079 llicbelet
413 4027 484 4089 (Etd.
501 4027 568 4088 Nic,
583 4027 635 4076 vol.
651 4027 684 4087 ll,
699 4041 726 4090 p.
743 4029 807 4090 166).
