2948 5212
193 635 231 697 21
474 650 508 691 66
530 648 649 692 susurri
672 647 955 691 666666166666666
980 698 982 704 ,

194 774 443 859 (συναλλάγμασιν)
459 777 538 836 idem
558 774 744 851 principium
761 772 960 833 constituitur
977 792 983 834 :
1001 776 1039 833 do
1058 779 1092 834 ut
1106 775 1172 848 des,
1190 775 1237 834 vel

195 885 220 944 si
234 884 402 960 sumpseris
416 883 517 942 redde.
532 882 668 942 Primum
686 881 860 956 exemplum
875 898 917 939 a«
930 881 1140 941 contractibus
1158 905 1173 937 >›
1189 900 1236 941 su-

195 1008 329 1051 mamus.
359 992 531 1065 Antequam
563 986 753 1048 alteralteri
781 987 896 1046 bonum
927 987 1080 1063 quoddam
1112 989 1235 1061 vendat,

195 1115 279 1173 pone
307 1097 389 1156 bona
421 1096 581 1171 utriusque
612 1093 739 1169 aequalia
769 1111 860 1152 esse:
895 1094 919 1152 si
949 1112 997 1153 res
1031 1095 1157 1154 alterius
1187 1114 1239 1171 per

198 1229 225 1278 α,
244 1203 371 1263 alterius
384 1221 432 1263 res
447 1220 501 1278 per
519 1205 534 1282 β
561 1202 749 1279 designetur,
770 1201 903 1261 seribere
919 1219 1083 1277 possumus
1104 1221 1109 1262 :
1128 1226 1194 1261 o:
1210 1206 1236 1282 β.

197 1314 276 1372 Nem
291 1311 348 1371 etsi
360 1309 438 1370 aiter
454 1309 550 1369 altero
567 1309 658 1368 ditior
671 1313 728 1381 est,
739 1308 886 1384 aequalem
898 1309 1064 1385 quamdam
1077 1310 1239 1386 utriusque

196 1418 238 1477 rei
259 1420 378 1493 partem
396 1417 485 1476 nobis
505 1415 698 1475 considerare
724 1415 797 1474 licet
815 1413 929 1496 (χρῆται
958 1417 994 1482 ὡς
1012 1413 1123 1494 icore).
1152 1417 1239 1474 Nunc

197 1527 301 1584 autem
318 1523 458 1582 venditor
472 1522 602 1598 emptori
619 1538 736 1580 merces
766 1539 838 1581 suas
868 1518 915 1600 (γ)
936 1521 1040 1580 tradit.
1057 1523 1133 1581 Tum
1156 1521 1240 1580 illius

197 1648 260 1689 rem
278 1647 331 1705 per
345 1655 362 1688 α
381 1663 414 1673 -
427 1654 454 1702 γ,
467 1628 560 1704 hujus
576 1631 679 1687 autem
694 1645 758 1686 rem
774 1645 828 1702 per
846 1629 861 1706 β
876 1639 915 1690 1-
927 1652 943 1700 γ
957 1627 1131 1704 significare
1150 1645 1240 1703 opor-

196 1740 251 1795 tet.
271 1735 365 1794 iubet
380 1753 452 1812 ergo
465 1736 517 1810 jus
532 1733 735 1793 correctivum
750 1732 794 1792 1111
811 1733 850 1792 ab
864 1734 920 1792 hoc
932 1733 1063 1809 pretium
1079 1734 1144 1792 dori
1159 1734 1242 1808 quod

196 1839 1243 1917 tantivaleatquantimercesvenditae.Alterumeremplume«delic-

197 1949 237 2007 tis
250 1971 265 2003 s
278 1952 429 2024 petamus.
447 1948 479 2007 Si
489 1966 537 2007 res
547 1948 672 2023 ejusqui
681 1947 827 2022 iniuriam
837 1947 909 2006 tecit
922 1947 1027 2022 etejus
1036 1947 1239 2022 quiinjuriam

199 2072 308 2131 pessus
338 2059 384 2115 est
412 2055 542 2131 aequoles
574 2059 645 2115 ante
672 2055 773 2114 scelus
800 2052 1148 2133 1616661666(α;β),
1169 2058 1242 2128 post
1294 2096 1298 2102 ·

198 2164 316 2222 turtum
347 2162 478 2222 scribere
509 2162 677 2237 poterimus
706 2161 836 2220 alterum
862 2186 965 2233 α-γ,
991 2161 1123 2220 alterum
1141 2163 1235 2239 d÷v

164 2349 167 2355 Ι
200 2269 366 2344 possidere.
383 2269 477 2329 dubet
491 2269 586 2346 igitur
600 2269 652 2343 jus
671 2268 873 2327 correctivum
888 2270 969 2326 hunc
988 2267 1032 2326 iili
1061 2293 1078 2340 γ
1103 2268 1241 2326 reddere.

201 2377 243 2434 De
259 2394 319 2451 quo
334 2375 506 2435 laudandus
521 2379 568 2434 est
584 2377 754 2434 Romsauer
771 2393 776 2434 :
797 2397 811 2429 ι(
838 2375 871 2434 ld
888 2374 983 2452 igitur
1009 2374 1090 2433 istud
1113 2373 1243 2460 justitio

201 2500 312 2559 genus,
329 2482 439 2557 inquit,
458 2480 649 2557 propositum
663 2483 756 2540 habet
771 2485 805 2539 ut
822 2485 946 2540 tueatur
968 2481 1052 2556 ipsas
1071 2480 1242 2563 rosquales

201 2592 273 2647 sunt
285 2589 515 2663 reparandoque
529 2589 608 2648 rnale
622 2591 757 2646 mutatas
768 2588 911 2647 restituat
922 2589 965 2645 2.»
978 2588 1050 2659 Qnae
1063 2584 1244 2661 cum'scrip-
1284 2583 1286 2591 '

202 2695 241 2753 sit
258 2695 335 2754 nihil
353 2695 436 2754 aliud
450 2695 510 2753 nisi
524 2695 695 2754 Aristotelis
713 2695 804 2754 verbu
829 2695 861 2752 in
876 2694 1007 2754 latinum
1033 2695 1147 2754 vertit:
1171 2694 1241 2767 jus-

200 2805 267 2859 tum
285 2804 341 2874 esi,
360 2803 402 2860 ait
419 2802 608 2874 Aristotelem,
625 2800 655 2860 τὸ
670 2801 725 2860 i'cov
741 2803 811 2875 ’ἐχειν
827 2807 870 2860 καὶ
894 2799 1018 2881 πρότερον
1034 2800 1079 2859 xci
1099 2801 1239 2880 tersqovt.

203 3019 317 3084 megale,
331 3022 378 3071 des
393 3022 529 3072 honneurs
550 3026 576 3073 ct
591 3024 635 3071 dos
650 3022 784 3071 richesscs
807 3025 881 3072 entre
899 3024 937 3072 166
954 3024 1087 3071 membres
1103 3021 1173 3071 (1616
1190 3021 1245 3070 cito

204 3103 230 3151 61
245 3101 271 3149 16
280 3103 379 3166 justice
389 3104 545 3165 requieti-ire
561 3103 606 3166 qui
622 3103 771 3152 determine
785 3103 822 3152 les
832 3103 906 3152 effets
918 3104 965 3152 des
977 3103 1140 3166 obligations
1154 3103 1246 3162 (vota).-

204 3184 334 3246 λάγματα).
351 3183 400 3232 Les
415 3182 577 3247 obligations
593 3185 654 3232 sont
668 3183 833 3233 volontaires
853 3199 888 3234 ou
905 3183 1109 3240 involontaires,
1128 3183 1245 3232 division

205 3262 252 3323 qui
267 3263 432 3326 correspond
456 3262 472 3311 d
492 3262 517 3312 16
530 3262 647 3311 division
664 3264 801 3312 romainc:
817 3278 849 3312 eo
864 3267 1002 3312 contracto
1017 3278 1051 3312 ou
1067 3278 1099 3312 66
1111 3263 1205 3311 delicto
1222 3281 1243 3311 6.

206 3342 237 3390 V.
255 3341 334 3391 etiem
351 3356 377 3406 p.
392 3345 446 3404 209,
464 3356 491 3392 n.
507 3346 517 3391 1
531 3359 537 3390 :
554 3361 567 3389 <v
586 3348 738 3407 συνάλλαγμα
749 3359 776 3393 se
791 3343 892 3392 traduit
905 3358 954 3407 por
966 3343 1108 3406 obliqution
1127 3343 1244 3406 (Uipien,

206 3423 275 3486 Dig,
291 3423 307 3471 1.
325 3423 394 3480 ’1,(16
412 3423 545 3484 Ρ6611611,
563 3425 600 3484 11)
618 3441 639 3472 n.
668 3441 681 3470 6
699 3425 915 3473 L'enumo'rution
938 3424 984 3472 (166
1006 3426 1126 3472 66616616
1150 3425 1176 3471 61
1198 3423 1245 3472 (166

207 3494 285 3550 (161116
300 3503 403 3552 (166666
419 3516 468 3566 por
489 3503 606 3552 Aristote
623 3508 663 3554 est
677 3505 731 3553 ioin
749 3505 831 3554 d'dtre
848 3505 989 3567 completo.
1007 3505 1113 3552 lt'outrc
1130 3505 1200 3565 part,
1220 3503 1246 3578 16

207 3581 273 3631 ddiit
288 3583 320 3631 de
337 3587 530 3647 προπηλακισμός
541 3597 575 3632 66
591 3599 619 3632 66
633 3588 778 3634 rencontre
793 3584 867 3633 nulle
881 3587 942 3647 part
953 3584 1071 3632 uitleurs.
1085 3600 1098 3628 6
1113 3583 1149 3632 cf.
1165 3583 1245 3631 Boou·

208 3661 278 3721 chet,
293 3663 359 3711 iiiut.
375 3664 410 3712 du
425 3665 493 3713 droit
506 3665 580 3728 prdoe'
594 3664 627 3713 de
647 3664 673 3713 lu
694 3664 852 3728 Re'pttblique
869 3665 1037 3723 (6116616666,
1060 3680 1084 3712 v.
1102 3665 1143 3725 IV,
1163 3677 1187 3727 p.
1206 3665 1247 3722 10,

209 3757 235 3791 6.
251 3746 274 3791 2.

242 3828 262 3873 1.
282 3822 408 3872 Etitovio.
424 3825 453 3873 Ε.
470 3826 492 3873 t.
510 3827 570 3874 1132
586 3840 601 3874 6
616 3827 639 3875 5.

241 3906 264 3952 2.
282 3903 327 3952 Ar.
344 3903 404 3954 Etd.
420 3904 486 3966 Nic„
503 3904 544 3953 ed.
562 3907 715 3966 Romanor,
732 3919 758 3968 p.
774 3908 827 3955 3111.

242 3985 264 4033 3.
282 3981 343 4032 uto.
357 3982 414 4036 Nic.
427 3983 456 4034 E.
473 3986 495 4033 1.
513 3987 573 4034 1132
584 3985 601 4033 b
613 3987 651 4034 19.
