2948 5212
584 686 636 735 'nu
656 688 721 733 suns
741 688 875 733 nirunin
1225 671 1272 732 111

222 819 258 876 ln
273 816 373 876 medio
391 815 523 891 denique
548 819 707 891 ponuntur
720 815 824 874 omnia
841 815 953 890 quibus
977 814 1086 874 civitas
1105 815 1199 874 vitam
1220 816 1263 874 ei-

224 925 309 982 vium
323 921 483 1003 (σωτηρίαν)
500 924 635 981 tuetur¹.
654 922 726 993 Qum
747 922 849 980 omnia
868 940 928 997 qua
947 921 1066 980 ratione
1085 922 1203 996 justum
1219 926 1265 982 est

223 1031 305 1090 inter
320 1030 461 1089 homines
472 1029 588 1088 dividi?
792 1014 795 1019 ⁵
1088 1102 1095 1116 ι

261 1135 318 1195 Alii
335 1136 464 1212 singulis
484 1136 660 1194 hominibus
678 1154 783 1211 parem
802 1136 1012 1194 communium
1029 1137 1180 1195 bonorum
1195 1154 1265 1211 par-

220 1247 295 1314 tem,
320 1241 369 1301 aiii
397 1242 525 1301 diversis
559 1243 713 1301 diversam
741 1243 936 1301 tribuendam
965 1260 1032 1304 esse
1069 1247 1190 1318 putant,
1213 1243 1267 1302 sed

221 1334 329 1409 ornnes
343 1353 462 1425 partein
474 1349 624 1424 cujusque
637 1367 689 1423 pro
698 1349 848 1424 cujusque
859 1348 1010 1425 dignitate
1020 1349 1266 1411 constituendam

221 1473 289 1515 esse
310 1456 532 1515 consentiunt:
560 1452 592 1512 τὸ
614 1457 665 1535 γὰρ
685 1457 787 1514 δίκαιον
815 1458 840 1514 ἐν
859 1459 918 1522 ταῖς
950 1458 1087 1534 dionomia
1112 1457 1267 1536 ὁμολογοῦσι

220 1562 319 1629 πάντες
333 1559 398 1621 κατ’
414 1559 486 1630 ἀξίαν
500 1559 559 1622 τινὰ
571 1561 625 1619 δεῖν
642 1561 740 1620 sivest.
762 1563 852 1638 Ergo,
873 1580 943 1622 culn
960 1562 991 1620 id
1007 1562 1059 1636 jus
1074 1562 1214 1626 naturale
1228 1563 1268 1623 sit

220 1671 302 1746 quod
317 1687 424 1728 omnes
440 1671 501 1728 iere
517 1672 699 1745 agnoscant,
718 1672 831 1727 natura
852 1669 940 1744 jubet
955 1673 989 1728 ut
1003 1673 1119 1744 quanto
1139 1670 1268 1746 quisque

219 1777 331 1854 dignus
343 1777 394 1846 sit,
415 1780 535 1835 tantum
549 1775 576 1834 is
593 1776 718 1834 habeat.
735 1775 814 1847 sint,
833 1776 963 1851 exempli
978 1776 1089 1852 gratia,
1108 1778 1168 1835 duo
1184 1776 1266 1835 cives

219 1883 283 1959 qui,
300 1883 382 1942 inter
395 1900 427 1942 se
445 1882 559 1954 collati,
575 1900 644 1941 eam
660 1882 813 1941 rationem
828 1883 944 1941 habent
956 1901 1049 1958 quam
1061 1884 1121 1942 uari
1135 1885 1166 1961 βε
1176 1883 1266 1957 jubet

218 1991 270 2065 jus
285 1989 515 2048 distributivum
533 1993 567 2047 ut
580 1989 661 2049 bona
681 1988 764 2047 illius
783 1985 832 2068 (γ)
853 2007 922 2047 cum
938 1989 1026 2047 bonis
1040 1989 1132 2063 hujus
1147 1987 1191 2068 (δ)
1204 1989 1266 2048 eol-

218 2096 283 2155 lata
299 2097 438 2156 eamdem
454 2096 606 2154 rationem
624 2096 795 2170 praebeant:
813 2096 869 2154 ’ἐστι
888 2093 915 2153 δὲ
937 2093 1026 2154 καὶτὸ
1042 2097 1139 2154 δίκαιον
1157 2097 1184 2154 ἐν
1201 2094 1263 2155 τέτ-

215 2226 309 2282 ταρσιν
326 2204 490 2277 ἐλαχίστοις,
506 2207 550 2260 καὶ
574 2208 587 2260 'o
604 2199 683 2280 λόγος
700 2207 713 2259 o
730 2199 818 2269 αὐτός·
832 2203 973 2282 διῄρηνται
985 2199 1034 2282 rip
1050 2201 1159 2279 ὁμοίιος,
1177 2203 1214 2268 οἷς
1232 2227 1262 2261 τε

215 2315 260 2368 καὶ
276 2307 304 2366 ἅ.
323 2310 399 2368 ἔσται
413 2307 464 2388 ἄρα
479 2311 514 2375 ὡς
529 2314 542 2366 'o
558 2333 575 2366 α
590 2309 649 2387 ὅρος
663 2306 727 2389 πρὸς
748 2306 793 2367 τὸν
817 2311 842 2388 β,
862 2309 946 2375 οὕτως
967 2314 980 2366 ὁ
997 2334 1013 2387 γ
1030 2306 1095 2390 πρὸς
1109 2307 1154 2367 τὸν
1175 2309 1199 2377 δ,
1216 2324 1261 2376 καὶ

216 2413 325 2485 ἐναλλάξ
339 2414 400 2497 ἄρα,
415 2418 476 2482 ugo
499 2413 589 2495 απρὸς
600 2413 644 2474 τὸν
659 2440 687 2494 γ,
708 2420 721 2472 'o
739 2413 831 2495 βπρὸς
842 2414 886 2474 τὸν
901 2417 925 2475 δ.
943 2414 1070 2474 ὥστεκαὶ
1085 2413 1116 2473 τὸ
1127 2418 1185 2475 ’ν’λον
1196 2416 1261 2498 πρὸς
1345 2413 1349 2418 ’

216 2520 250 2582 τὸ
267 2522 328 2582 ὁλον
340 2525 362 2580 ³.
382 2522 431 2581 Sic
447 2521 579 2581 seribere
595 2539 776 2597 possumus:

688 2652 705 2687 α
721 2653 790 2710 „r

684 2706 794 2786 ”a

689 2731 705 2806 β

219 2882 268 2942 νο1
280 2837 306 2916 3
317 2902 353 2925 =
371 2836 387 2908 β
425 2876 473 2937 vel
488 2877 582 2937 etiam
592 2837 686 2918 —ffl
697 2859 771 2926 :3
788 2879 836 2938 vei
851 2880 982 2956 denique
993 2839 1089 2922 Q
1101 2905 1140 2930 =
1153 2837 1256 2924 ffi-

284 2957 302 3011 γ
366 2909 406 2992 λ’
599 2935 686 3012 vid
751 2958 768 3012 γ
1033 2962 1049 2995 α
1184 2962 1201 3016 γ

219 3083 308 3155 Quod
323 3084 459 3143 numeris
478 3084 585 3160 positis
608 3084 720 3144 elarius
740 3089 835 3160 patet.
860 3088 937 3145 Nam
961 3106 1031 3146 oum

1084 3043 1259 3200 :g’mm

1046 3044 1072 3125 1

1051 3141 1068 3199 2

251 3476 273 3522 1.
293 3473 329 3522 Ea
344 3486 404 3535 quae
419 3472 578 3523 dividuntur
594 3473 664 3523 inter
679 3473 750 3525 oives
770 3473 928 3525 Aristoteles
953 3475 1072 3526 breviter
1093 3477 1263 3528 enumeravit

215 3553 337 3618 primum
355 3568 417 3602 eum
433 3552 594 3617 injustitiam
611 3569 626 3603 a
641 3555 738 3604 ceteris
757 3555 829 3604 vitiis
844 3557 978 3606 secrevit:
997 3557 1125 3620 injustum
1138 3560 1179 3608 est
1189 3560 1260 3607 eninr

215 3647 299 3682 omne
312 3634 412 3682 malum
431 3635 503 3696 quod
519 3641 572 3699 περὶ
587 3643 660 3698 τιμὴν
676 3639 689 3691 ἢ
705 3644 823 3700 χρήματα
841 3641 854 3692 ἢ
876 3648 991 3702 σωτηρίαν
1011 3638 1099 3700 agitur
1114 3638 1185 3698 (Ero.
1206 3640 1262 3687 Nic.

219 3715 288 3762 111.
310 3715 368 3762 1130
382 3714 399 3762 b
414 3716 454 3774 2);
471 3713 577 3775 deinde,
600 3715 710 3765 brevius
725 3717 816 3777 etiam,
835 3731 896 3766 enm
910 3718 1042 3781 justitiam
1063 3718 1263 3768 distributivam

216 3795 257 3843 ita
272 3792 394 3843 definivit
411 3795 440 3843 ut
455 3794 488 3843 ad
505 3794 613 3844 divitias
629 3795 656 3844 et
676 3795 793 3846 honores
812 3799 967 3860 spectaret:
987 3805 1013 3848 τὸ
1030 3799 1051 3846 ἐν
1070 3809 1123 3857 ταῖς
1141 3800 1265 3863 διανομαῖς

218 3882 294 3937 τιμῆς
307 3877 320 3930 ἦ
331 3879 460 3938 χρημάτων
472 3875 578 3933 [δίκαιον]
590 3896 612 3924 κ.
623 3897 646 3925 τ.
659 3879 680 3925 λ.
694 3875 778 3938 (ibid,
793 3878 815 3925 5.
835 3876 925 3926 113011
940 3877 988 3941 31).

254 3955 278 4002 2.
297 3953 358 4002 uta.
369 3955 426 4002 Nic.
441 3954 461 4002 E
477 3957 499 4004 5.
517 3957 586 4005 1131.
604 3968 620 4004 a
635 3957 673 4005 25.

254 4035 277 4086 3.
296 4033 356 4082 uta.
372 4034 428 4083 Nie.
443 4036 471 4084 Ε.
488 4036 511 4084 6.
529 4036 587 4084 1131
602 4036 619 4085 b
635 4037 649 4084 3
668 4048 728 4100 sqq.
